4088 6330
635 338 781 396 1095

1512 334 1573 389 Β.
1611 333 1675 389 F.
1713 329 1938 389 ALBlNl
1976 329 2108 388 SEU
2144 327 2420 389 ALCUINl
2456 327 2744 387 OPERUM
2778 326 2960 386 PARS
2995 327 3061 385 ll.

3781 333 3933 397 1090

639 452 766 509 dicit
817 448 1073 506 Dominus
1117 448 1261 505 Deus
1286 449 1373 522 qui
1403 457 1498 515 est,
1526 457 1574 503 et
1600 449 1689 520 qui
1719 458 1849 515 erat,
1892 448 1939 503 'et
1973 449 2061 519 qui
2095 465 2218 503 ven—
2249 453 2294 510 Α
2322 446 2448 502 dum
2477 445 2604 516 quia
2633 445 2774 501 sicut
2798 443 3034 501 Joannes
3055 445 3109 500 in
3140 445 3334 517 spiritu
3359 447 3596 514 audivit,
3618 449 3697 506 ita
3715 465 3839 507 vox
3863 454 3934 511 ad

638 553 791 601 turus
823 556 920 601 est.
964 545 1199 601 Dicendo
1230 560 1368 607 sum,
1410 553 1595 615 aperte
1643 544 1882 598 insinuat
1914 545 2040 613 quia
2082 542 2222 595 Deus

636 648 739 707 per
765 651 824 693 se
852 634 1187 706 loquebatur.
1220 632 1375 690 Unde
1415 633 1742 703 Apostolus:
1787 631 1870 685 An
1896 631 2220 700 experimen-

640 736 752 783 tum
776 728 1009 800 quaeritis
1036 726 1150 796 ejus
1175 725 1264 797 qui
1286 726 1343 779 in
1364 741 1444 778 me
1464 724 1695 796 loquitur
1723 722 1959 778 Christus
1989 720 2074 793 (II
2097 719 2219 775 Cor.

640 836 760 886 xm,
791 820 887 891 3)?
928 818 997 873 Et
1041 817 1250 873 David:
1299 817 1563 871 Attendite
1605 814 1828 886 populus
1872 830 2015 868 meus
2061 811 2223 883 legem

640 926 807 964 meam
850 908 1020 979 (Psal.
1050 924 1258 975 Lxxvu,
1288 908 1381 980 l);
1434 923 1557 963 cum
1604 920 1703 961 nec
1740 904 1965 976 populus
2010 919 2110 959 nec
2136 903 2224 957 lex

638 1002 805 1057 David
832 1001 1011 1058 fuerit.
1036 1002 1150 1058 Hoc
1177 1008 1358 1058 autem
1390 1001 1657 1072 signiﬁcat
1680 1022 1712 1055 α
1739 1007 1793 1053 et
1818 1022 1881 1063 ω,
1912 996 2056 1066 quod
2075 995 2224 1065 prin-

638 1093 833 1163 cipium
860 1102 913 1149 et
941 1092 1084 1148 linis.
1129 1093 1267 1149 Nam
1305 1116 1340 1150 α
1365 1093 1504 1163 apud
1544 1091 1765 1147 Graecos
1792 1088 2116 1160 principium
2143 1094 2227 1142 est

635 1183 1064 1252 elementorum;
1114 1210 1154 1241 ω
1183 1202 1311 1243 vero
1349 1186 1473 1243 ﬂuis
1502 1186 1838 1243 eorumdem.
1890 1183 2225 1253 Principium

635 1285 816 1333 autem
842 1277 1089 1334 Christus
1116 1277 1332 1344 dicitur,
1362 1278 1488 1348 quia
1516 1278 1585 1331 ab
1625 1278 1742 1348 ipso
1768 1275 1946 1331 omnis
1976 1280 2225 1329 creatura

635 1366 850 1422 initium
886 1367 1115 1437 accipit;
1143 1366 1265 1422 ﬁnis
1292 1382 1444 1433 vero,
1473 1366 1601 1437 quia
1636 1366 1751 1435 ipse
1778 1363 1933 1434 quasi
1961 1363 2226 1417 terminus

635 1460 817 1517 omnia
841 1458 1127 1515 concludit.
1174 1458 1347 1514 Aliter
1381 1459 1702 1529 principium
1746 1466 1802 1513 et
1829 1458 1951 1513 linis
1974 1463 2223 1523 vocatur,

634 1551 773 1621 quia
791 1551 903 1620 ipse
927 1559 1009 1606 est
1035 1550 1176 1606 Deus
1206 1540 1331 1606 ante
1359 1552 1580 1618 saecula,
1606 1562 1661 1607 et
1698 1553 1860 1607 homo
1903 1551 1956 1606 in
1988 1551 2096 1606 ﬁne
2120 1567 2225 1607 εω-

634 1641 899 1697 culorum.
947 1640 1100 1697 Unde
1132 1640 1406 1697 Joannes:
1456 1640 1524 1695 In
1560 1641 1818 1711 principio
1846 1650 1958 1694 erat
1999 1639 2226 1695 Verbum

637 1732 820 1805 (Joan.
850 1751 888 1799 ι,
915 1734 988 1805 1).
1023 1733 1093 1789 Et
1119 1734 1282 1789 item:
1321 1732 1547 1788 Verbum
1572 1750 1695 1788 caro
1723 1732 1918 1811 factum
1940 1741 2016 1788 est
2041 1732 2224 1805 (Joan.

2321 554 2444 594 eum
2475 537 2614 593 facta
2645 537 2904 607 spiritalis
2936 535 3054 592 fuit.
3104 537 3211 594 Sed
3266 541 3620 609 quaerendum
3662 551 3760 597 est
3783 548 3932 614 quod

2320 631 2540 689 dorsum
2577 632 2801 703 spiritus
2826 632 3029 688 habere
3059 634 3255 703 potuit,
3283 643 3343 689 ut
3360 645 3485 706 post
3512 651 3571 691 se
3591 653 3796 692 vocem
3838 655 3933 694 au-

2322 725 2484 780 diret.
2511 725 2740 781 Videtur
2769 725 2951 796 itaque
2982 725 3150 781 facies
3177 726 3402 797 spiritus
3439 728 3586 783 illius
3610 727 3797 785 fuisse
3816 730 3933 801 ipsa

2321 820 2406 875 vis
2429 820 2625 875 divina:
2658 820 3157 891 contemplationis;
3186 822 3410 878 dorsum
3454 837 3587 878 vero
3632 822 3851 880 oblivio
3871 826 3934 882 de

2320 913 2697 983 praesentibus.
2748 911 2957 968 Idcirco
2984 928 3116 984 ergo
3165 928 3355 969 vocem
3380 913 3433 969 in
3461 914 3549 969 his
3572 928 3702 985 qua:
3729 916 3933 974 oblitus

2325 1001 2501 1057 fuerat
2544 1003 2769 1069 audivit,
2810 1010 2872 1057 ut
2906 1001 3099 1057 faciem
3129 1004 3327 1059 mentis
3352 1005 3421 1060 ad
3457 1021 3522 1061 ea
3547 1016 3929 1078 converteret,

2325 1102 2379 1149 et
2404 1109 2631 1165 quaeque
2672 1094 2882 1149 videret
2906 1093 2962 1149 in
2992 1092 3151 1159 libro,
3179 1094 3234 1148 in
3263 1093 3401 1149 libro
3444 1096 3741 1152 scriberet.
3783 1099 3935 1156 Acri

2327 1186 2378 1241 ei
2403 1186 2519 1256 ipsa
2568 1199 2673 1240 vox
2723 1184 2928 1239 dicenet
2976 1200 2989 1237 :
3037 1183 3114 1238 Ea
3145 1199 3266 1254 qua:
3301 1190 3357 1238 in
3385 1185 3579 1254 spiritu
3614 1185 3717 1241 Dei
3748 1188 3935 1245 videre

2326 1278 2542 1349 incipis,
2568 1278 2659 1333 hic
2687 1277 2778 1332 ubi
2808 1292 2896 1332 me
2916 1277 3072 1332 audis
3100 1276 3217 1332 sine
3245 1292 3379 1332 sono
3407 1286 3728 1345 sonantem,
3775 1280 3834 1336 id
3856 1291 3935 1337 est

2327 1373 2383 1428 in
2415 1372 2601 1438 terris,
2622 1371 2708 1427 vel
2734 1379 2885 1441 gesta
2911 1370 2996 1426 vel
3032 1371 3267 1442 gerenda
3291 1379 3437 1426 sunt.
3470 1370 3566 1427 Sic
3592 1380 3789 1429 autem
3810 1373 3933 1431 diei—

2327 1473 2418 1521 tur
2441 1480 2563 1536 qua:
2580 1463 2732 1518 vides
2753 1463 2969 1529 scribe;
3000 1477 3064 1518 ac
3102 1463 3148 1517 si
3174 1462 3402 1528 diceret,
3434 1478 3559 1534 qua:
3578 1466 3813 1521 visurus
3840 1482 3924 1533 es;

2328 1559 2558 1614 necdum
2583 1558 2728 1612 enim
2756 1556 2961 1627 aliquid
2984 1556 3211 1620 viderat.
3244 1557 3553 1629 Allegorice
3578 1560 3834 1617 Ecclesia
3868 1562 3930 1619 de

2328 1650 2529 1707 Christi
2557 1665 2622 1705 ac
2647 1664 2745 1704 sua
2770 1647 2958 1719 copula
2993 1663 3180 1704 vocem
3215 1657 3341 1719 post
3370 1664 3430 1705 se
3450 1649 3634 1717 audit,
3666 1667 3699 1705 a
3731 1651 3847 1724 lege
3877 1659 3929 1709 et

2327 1744 2627 1815 prophetis,
2655 1750 2715 1797 ut
2740 1741 2872 1798 illud
2899 1759 2913 1796 :
2944 1740 3119 1796 Erunt
3133 1741 3239 1796 duo
3267 1742 3325 1796 in
3352 1759 3513 1797 carne
3539 1760 3656 1797 una
3685 1741 3837 1816 (Ceu.
3864 1758 3925 1810 rt,

635 1839 676 1890 ι,
709 1824 819 1896 14).
850 1825 1036 1896 (Vsus.
1065 1824 1143 1898 9.)
1195 1825 1308 1897 Ego
1334 1824 1569 1880 Joannes
1598 1825 1782 1894 frater,
1809 1835 1857 1878 et
1885 1825 2144 1895 particeps
2172 1826 2228 1880 in
2261 1846 2307 1906 Β
2329 1836 2442 1908 24),
2479 1836 2594 1892 vox
2627 1842 2805 1890 autem
2840 1833 2958 1890 haec
2978 1834 3093 1889 sive
3115 1834 3172 1889 in
3197 1833 3441 1890 Ecclesia
3472 1836 3591 1890 sive
3616 1838 3673 1890 in
3701 1835 3923 1899 Joanne,

634 1916 993 1983 tribulatione,
1020 1926 1068 1972 et
1096 1934 1276 1988 regno,
1302 1927 1350 1971 et
1396 1917 1648 1988 patientia
1676 1916 1831 1983 Jesu,
1860 1916 1939 1987 fui
1967 1918 2024 1971 in
2051 1917 2227 1972 insula

636 2024 755 2080 qute
774 2006 1069 2079 appellatur
1099 2005 1377 2074 Pathmos,
1406 2016 1618 2080 propter
1642 2008 1849 2063 verbum
1872 2008 1969 2063 Dei
1994 2017 2042 2063 et
2086 2010 2230 2064 testi-

635 2099 866 2154 monium
889 2097 1040 2154 Iesu.
1075 2098 1187 2154 Hoc
1212 2087 1614 2165 loco‘Joannes,
1643 2102 1699 2154 et
1719 2099 2024 2170 specialiter
2051 2115 2227 2168 suam,

633 2200 687 2247 et
720 2191 1042 2262 generaliter
1086 2191 1342 2248 Ecclesia:
1382 2206 1673 2261 personam
1718 2191 1985 2263 designat.
2036 2191 2107 2247 Et
2139 2208 2232 2250 no-

635 2283 859 2338 tandum
894 2283 1023 2353 quia
1052 2298 1279 2354 regnum
1325 2284 1562 2353 pertinet
1611 2284 1678 2339 ad
1724 2292 1905 2354 caput,
1953 2284 2231 2340 tribulatio

632 2378 704 2433 ad
725 2366 991 2443 membra,
1020 2360 1383 2457 patientia'ad
1427 2388 1737 2449 utrumque,
1786 2377 1930 2449 quod
1973 2386 2146 2433 totum
2174 2378 2230 2433 in

631 2486 743 2528 uno
766 2471 893 2528 Jesu
912 2472 1203 2543 reperitur.
1227 2472 1651 2528 Tribulationem
1673 2486 1907 2542 namque
1925 2470 2231 2543 patiebatur

633 2571 794 2634 caput
814 2579 937 2619 cum
977 2563 1237 2619 membris
1260 2563 1489 2618 dicendo
1515 2581 1526 2616 :
1575 2561 1760 2629 Saule,
1787 2561 1969 2629 Saule,
1994 2563 2121 2634 quid
2149 2579 2231 2617 me

630 2657 955 2727 persequeris
977 2656 1116 2727 (Act.
1142 2671 1222 2722 ιι,
1248 2655 1348 2727 4)?
1377 2654 1621 2726 Regnum
1662 2655 1715 2709 in
1746 2655 1942 2725 capite,
1972 2664 2032 2709 ut
2054 2654 2186 2710 illud
2213 2673 2226 2708 :

637 2748 853 2813 Venite,
883 2747 1155 2803 benedicti
1180 2745 1358 2802 Patris
1384 2747 1515 2813 mei,
1546 2746 1809 2818 percipite
1836 2762 2055 2817 regnum
2086 2746 2231 2817 quod

634 2839 788 2895 vobis
807 2848 1054 2911 paratum
1076 2847 1160 2897 est
1181 2841 1249 2895 ab
1265 2841 1472 2911 origine
1500 2842 1683 2896 mundi
1711 2841 1928 2912 (Matth.
1952 2856 2077 2907 xxv,
2099 2838 2225 2911 54);

635 2928 782 3000 quod
828 2937 913 2985 est
949 2937 1135 2999 aperte
1185 2929 1406 2985 dicere:
1453 2931 1644 2986 Venite
1692 2933 1958 2998 membra,
2009 2939 2232 3002 regnate

633 3033 759 3074 cum
789 3017 983 3089 capite,
1032 3018 1161 3089 quia
1189 3033 1290 3090 ego
1340 3034 1459 3074 sum
1500 3033 1746 3089 regnum.
1796 3018 1865 3074 Se
1908 3019 2053 3074 enim
2082 3018 2233 3074 dabit

632 3107 769 3173 suis,
797 3116 858 3163 ut
878 3108 1139 3179 scriptum
1163 3115 1286 3164 est:
1337 3108 1728 3180 Jusjurandum
1751 3110 1891 3181 quod
1922 3111 2124 3181 jurauit
2159 3110 2231 3164 ad

2330 1937 2478 1985 recte
2499 1942 2694 1997 magna
2721 1926 2943 1992 dicitur,
2969 1926 3095 1995 quia
3119 1925 3185 1981 de
3203 1926 3433 1982 summis
3455 1928 3740 1998 mysteriis
3769 1928 3928 1997 loqui-

2329 2030 2441 2089 tur,
2469 2036 2693 2093 quaeque
2729 2020 2850 2076 ideo
2885 2019 3028 2075 tubze
3054 2026 3422 2089 comparatur,
3457 2028 3512 2075 et
3536 2036 3642 2090 per
3666 2037 3768 2076 ora
3797 2036 3928 2091 pue-

2330 2113 2626 2170 dicantium
2675 2109 3012 2167 diffunditur.
3069 2108 3224 2166 Unde
3282 2110 3375 2164 uni
3420 2125 3602 2165 eorum
3650 2112 3863 2166 dicitur
3912 2128 3928 2164 :

2333 2202 2500 2271 Quasi
2528 2202 2653 2257 tuba
2688 2200 2875 2269 ,exalta
2915 2217 3089 2256 uocem
3134 2208 3280 2254 tuam
3327 2199 3452 2271 (Isa.
3475 2216 3631 2267 Lvm,
3660 2202 3739 2271 1).
3789 2201 3927 2260 Hec

2331 2311 2435 2351 vox
2456 2295 2510 2349 in
2533 2291 2738 2349 Joanne
2760 2291 3061 2348 Ecclesiam
3087 2292 3363 2358 admonet,
3386 2299 3446 2347 ut
3471 2306 3589 2362 qua:
3603 2291 3761 2348 videt
3791 2293 3934 2350 scri-

2330 2386 2445 2451 bat,
2478 2385 2531 2441 id
2559 2393 2642 2441 est
2667 2384 2723 2439 in
2744 2384 3005 2439 memoria
3030 2382 3308 2439 recondat.

2402 2477 2472 2531 Et
2493 2478 2637 2531 mitte
2662 2484 2856 2545 septem
2883 2472 3156 2539 Ecclesiis,
3205 2473 3436 2546 Epheso,
3478 2472 3758 2545 Smyrna,
3804 2472 3930 2529 Per-

2314 2548 2503 2641 ‘gamo,
2545 2566 2831 2637 Thyatira,
2871 2563 3083 2631 Sardis,
3114 2562 3523 2637 Philadelphite,
3574 2574 3625 2621 et
3649 2565 3929 2621 Laodicia.

2330 2659 2625 2716 Dicendum
2670 2655 2937 2728 quomodo
2983 2657 3361 2728 interpretatio
3408 2659 3609 2713 borum
3644 2660 3923 2715 nominum

2332 2752 2619 2809 universali
2647 2751 2932 2806 conveniat
2956 2750 3229 2806 Ecclesize.
3254 2751 3504 2821 Ephesus
3538 2752 3931 2822 interpretatur

2331 2844 2602 2910 voluntas,
2637 2842 2753 2897 sive
2787 2841 3072 2897 consilium
3099 2857 3279 2897 meum
3297 2854 3356 2907 ﬂ;
3381 2850 3439 2897 et
3459 2841 3658 2911 cujus?
3695 2845 3801 2898 nisi
3826 2843 3937 2912 ejus

2331 2935 2422 3007 qui
2450 2934 2689 3005 reprobat
2718 2923 2939 2989 consilia
2984 2923 3279 3004 p'rincipum
3302 2975 3316 2999 ,
3341 2934 3623 2989 consilium
3660 2952 3782 2989 vero
3825 2937 3936 3007 ejus

2332 3034 2504 3080 manet
2539 3025 2593 3078 in
2645 3032 2898 3079 wternum
2936 3020 3109 3095 (Psal.
3132 3038 3307 3089 xxxu,
3356 3024 3467 3097 10).
3490 3024 3739 3081 Ecclesia
3759 3033 3935 3082 autem

2333 3112 2587 3172 voluntas
2638 3114 2735 3170 Dei
2772 3124 2878 3181 est,
2927 3116 3015 3171 cui
3058 3132 3156 3187 per
3196 3117 3520 3187 prophetam
3550 3118 3799 3173 dicitur:
3840 3115 3936 3174 Vo-

632 3200 901 3256 Abraham
949 3209 1151 3273 patrem
1194 3210 1452 3268 nostrum,
1506 3201 1755 3256 daturum
1798 3218 1852 3257 se
1898 3202 2046 3257 nobis
2076 3201 2230 3274 (Luc.
2260 3205 2309 3271 ο
2339 3210 2540 3267 cubaris
2562 3208 2803 3265 voluntas
2819 3225 2934 3263 mea
2958 3207 3093 3279 (Isa.
3127 3224 3264 3275 an,
3295 3206 3372 3280 4).
3412 3206 3480 3261 Ει
3521 3216 3653 3265 nota
3680 3210 3808 3280 quia
3842 3224 3936 3266 vo-

632 3306 674 3357 ι,
703 3291 815 3363 75).
865 3291 1133 3348 Patientia
1182 3307 1312 3348 vero
1360 3308 1460 3347 nos
1511 3300 1817 3363 exspectat,
1859 3292 2015 3363 juxta
2061 3294 2231 3351 illud:

632 3382 859 3457 Ignoras
885 3386 1134 3456 quoniam
1167 3386 1457 3457 benignitas
1499 3385 1593 3441 Dei
1622 3386 1692 3441 ad
1731 3388 2039 3459 patientiam
2068 3398 2117 3445 te
2140 3392 2237 3445 acl-

634 3475 779 3530 ducit
808 3476 982 3549 (Rom.
1007 3494 1069 3544 ιι,
1098 3477 1200 3550 4)?
1228 3479 1296 3533 Et
1317 3495 1417 3535 nos
1455 3479 1510 3533 in
1549 3481 1812 3550 patientia
1843 3490 2029 3537 nostra
2062 3484 2236 3552 possi-

636 3567 883 3621 debimus
896 3568 1103 3623 animas
1126 3577 1359 3624 nostras.
1381 3569 1488 3625 Per
1505 3569 1766 3626 Pathmos
1781 3580 1961 3627 autem
1979 3574 2233 3643 insulam,

637 3672 757 3727 qua:
783 3657 954 3713 fretus
979 3659 1090 3730 (Ita
1117 3648 1715 3732 cod.)'interpretatur,
1754 3665 1809 3720 in
1852 3681 1960 3735 qua
2000 3662 2237 3724 Joannes

634 3757 755 3804 erat
795 3749 1070 3820 religatus,
1119 3753 1524 3822 persecutiones
1561 3764 1618 3809 et
1656 3756 1916 3827 angustiae
1949 3756 2237 3828 designan-

636 3847 746 3909 tur,
772 3857 908 3912 quas
928 3842 1133 3912 patitur
1174 3841 1410 3901 Joannes
1433 3854 1490 3901 et
1537 3846 1804 3914 Ecclesia,
1837 3848 1892 3903 id
1918 3857 2002 3903 est
2027 3850 2237 3920 species

637 3942 695 3993 et
719 3952 890 4008 genus
915 3953 930 4002 ;
964 3938 1059 3993 sed
1084 3948 1309 4008 propter
1332 3941 1556 3995 verbum
1585 3941 1705 4008 Dei,
1728 3958 1836 3997 non
1856 3958 1956 4013 pro
1984 3942 2096 3999 suis
2121 3958 2237 3998 ma-

635 4024 743 4095 lis;
766 4027 920 4097 juxta
949 4028 1077 4084 illud
1116 4029 1264 4086 Petri
1296 4031 1561 4102 apostoli:
1596 4031 1767 4088 Nemo
1796 4042 2023 4090 vestrum
2063 4036 2238 4107 patia-

634 4128 725 4177 tur
747 4122 899 4193 quasi
943 4120 1051 4191 fur,
1094 4122 1189 4178 sed
1236 4124 1392 4194 quasi
1429 4123 1630 4181 Christi
1671 4126 1967 4197 discipulus
1994 4126 2048 4200 (I
2088 4126 2237 4184 Petri

635 4208 850 4285 ιν,15).
889 4215 1076 4286 (Vnus.
1112 4216 1226 4288 10.)
1269 4216 1374 4271 Fui
1402 4219 1458 4272 in
1502 4219 1692 4290 spiritu
1732 4221 1789 4274 in
1819 4220 2095 4276 Dominica
2128 4222 2232 4277 die.

637 4304 779 4361 Hinc
797 4303 912 4374 jam
934 4307 1249 4379 singillatim
1277 4309 1342 4364 de
1378 4310 1577 4380 specie,
1612 4312 1925 4382 singillatim
1956 4314 2237 4384 degenere

642 4399 929 4456 dicendum
972 4410 1075 4456 est.
1110 4402 1227 4458 Non
1274 4412 1457 4460 autem
1502 4403 1725 4461 Joannis
1758 4408 1983 4476 spiritus
2013 4424 2233 4463 carnem

647 4489 890 4547 funditus
915 4493 1173 4557 deseruit,
1209 4496 1426 4563 quando
1454 4497 1558 4552 hoc
1585 4498 1737 4562 vidit,
1773 4500 1899 4568 quia
1930 4516 2127 4572 corpus
2155 4502 2235 4556 si-

2339 3302 2521 3357 luntas
2568 3301 2807 3372 pertinet
2850 3300 2917 3355 ad
2950 3300 3308 3365 charitatem,
3360 3298 3649 3355 consilium
3696 3314 3829 3355 vero
3869 3302 3938 3358 ad

2338 3399 2760 3456 correctionem.
2814 3396 2909 3453 Ille
2960 3396 3105 3451 enim
3148 3395 3396 3451 voluntas
3421 3394 3517 3449 Dei
3543 3400 3655 3457 est,
3702 3392 3797 3461 qui
3832 3406 3936 3447 non

2337 3489 2534 3544 timore
2576 3487 2800 3559 poenali,
2845 3486 2941 3542 sed
2983 3494 3174 3556 sponte
3220 3500 3280 3541 se
3310 3485 3557 3541 Creatori
3606 3483 3814 3538 subdit.
3844 3483 3934 3539 Ille

2336 3594 2470 3634 vero
2496 3578 2587 3649 qui
2614 3594 2716 3634 nec
2765 3578 2994 3643 timore,
3025 3591 3124 3651 nec
3172 3591 3379 3640 amore,
3422 3590 3482 3631 se
3522 3572 3775 3630 conferre
3808 3574 3937 3642 vult,

2337 3672 2517 3727 divina
2539 3680 2729 3743 agente
2749 3673 3034 3729 clementia
3052 3711 3069 3738 ,
3113 3670 3174 3726 ﬁt
3194 3674 3263 3727 ad
3283 3687 3406 3727 eum
3433 3671 3795 3727 correctionis
3828 3688 3938 3728 ser-

2338 3781 2449 3831 ιιο,
2498 3773 2558 3821 ut
2584 3765 2774 3821 relicto
2823 3782 3031 3832 errore,
3075 3764 3361 3821 consilium
3408 3765 3600 3820 salutis
3649 3764 3933 3835 percipiat.

2339 3859 2570 3931 Smyrna
2600 3858 2656 3913 in
2690 3859 2939 3914 Latinum
2969 3858 3201 3913 vertitur
3224 3858 3495 3913 canticum
3517 3872 3710 3912 eorum
3732 3898 3749 3922 ,
3780 3857 3837 3913 id
3862 3865 3938 3912 est

2338 3952 2657 4019 electorum,
2680 3953 2951 4007 canticum
2971 3966 3100 4006 vero
3121 3951 3251 4005 illud
3269 3958 3355 4005 est
3374 3949 3695 4005 mandatum
3713 3965 3933 4005 novum.

2338 4045 2581 4101 Ecclesia
2631 4045 2796 4117 igitur
2843 4044 3112 4100 canticum
3154 4044 3259 4099 hoc
3303 4042 3545 4114 quotidie
3573 4051 3788 4107 cantat,
3818 4058 3938 4099 cum

2338 4137 2653 4193 mandatum
2693 4152 2891 4192 novum
2921 4135 3189 4206 diligendo
3215 4135 3384 4189 Deum
3407 4142 3463 4188 et
3488 4133 3809 4203 proximum
3844 4134 3939 4189 im-

2336 4230 2468 4301 plet.
2504 4230 2830 4301 Per‘gamum
2876 4228 3267 4297 interpretatur
3311 4224 3581 4281 dividendi
3611 4240 3827 4279 cornua
3852 4238 3939 4281 eo-

2339 4343 2479 4382 rum.
2509 4326 2577 4381 Et
2599 4340 2833 4397 quorum
2856 4324 2961 4379 nisi
2988 4321 3215 4389 Christi,
3235 4329 3291 4376 et
3319 4319 3557 4376 diaboli?
3582 4319 3648 4374 In
3683 4320 3940 4375 cornibus

2338 4419 2523 4491 itaque
2553 4417 2756 4474 Christi
2791 4431 3019 4489 regnum
3048 4416 3167 4487 ejus
3186 4414 3516 4477 ostenditur,
3544 4411 3602 4466 id
3631 4420 3721 4466 est
3759 4411 3942 4467 Eccle-

2339 4516 2438 4570 sia.
2466 4515 2525 4570 ln
2548 4508 2809 4570 cornibus
2830 4527 2958 4567 vero
2988 4510 3210 4576 diaboli,
3240 4508 3358 4578 ejus
3383 4507 3548 4563 etiam
3579 4521 3845 4577 regnum,
3893 4505 3942 4565 id

645 4596 716 4638 ne
749 4582 940 4652 spiritu
970 4598 1077 4638 non
1120 4583 1351 4653 viveret,
1377 4586 1471 4643 sed
1505 4589 1560 4643 in
1603 4591 1803 4646 exstasi
1835 4592 2066 4661 positus,
2096 4592 2230 4649 nihil

2336 4617 2421 4666 est
2452 4608 2624 4680 impii.
2675 4607 2813 4663 Audi
2835 4607 2999 4679 igitur
3024 4604 3344 4662 divisionem
3386 4617 3725 4659 cornuorum
3766 4621 3781 4655 :
3823 4599 3945 4657 0-

636 4688 736 4745 per
759 4690 955 4746 corpus
973 4676 1060 4732 vel
1086 4680 1289 4733 sentire
1334 4680 1419 4735 vel
1444 4682 1745 4755 intelligere
1771 4687 1966 4756 potuit.
2004 4687 2075 4742 Et
2106 4697 2232 4745 nota
2339 4700 2426 4754 m'a
2457 4667 2656 4753 cornua
2691 4667 3022 4768 peccat‘orum
3070 4695 3423 4766 confringant,
3468 4702 3520 4747 et
3561 4667 4005 4747 curaltatiumtur3

637 4768 765 4839 quia
787 4783 895 4824 non
925 4769 979 4823 in
1003 4772 1249 4838 sabbato,
1271 4775 1365 4831 sed
1385 4774 1441 4831 in
1468 4776 1746 4834 Dominica
1772 4780 1860 4836 die
1878 4796 1937 4837 se
1964 4782 2016 4837 in
2040 4783 2232 4851 spiritu

636 4857 804 4915 fuisse
829 4859 982 4926 dicit,
1013 4864 1138 4932 quia
1165 4864 1280 4934 jam
1300 4875 1457 4923 vetus
1492 4868 1599 4935 illa,
1644 4886 1765 4941 qua:
1785 4882 2018 4928 mortem
2043 4889 2234 4943 opera-

639 4949 822 5018 batur,
844 4951 932 5006 lex
960 4955 1274 5022 transierat,
1300 4966 1354 5013 et
1371 4975 1509 5015 nova
1536 4977 1657 5032 qua:
1682 4964 1919 5019 viviﬁcat
1939 4966 1993 5019 in
2028 4966 2231 5022 Christi

640 5047 1041 5104 resurrectione
1066 5050 1356 5107 claruerat.
1387 5053 1689 5125 Allegorice
1730 5059 1992 5126 Ecclesia,
2025 5063 2153 5132 quia
2188 5064 2242 5119 in

638 5138 828 5195 electis
849 5139 991 5196 facta
1019 5143 1200 5199 carnis
1227 5144 1417 5213 spiritu
1459 5149 1774 5215 mortiﬁcat,
1819 5156 1877 5204 ut
1902 5150 1958 5206 in
1989 5168 2141 5208 novae
2168 5155 2245 5209 vi-

632 5236 711 5315 ,tae
759 5232 1170 5288 conversatione
1213 5243 1463 5305 assurgat
1490 5237 1545 5291 in
1596 5238 1813 5307 spiritu,
1862 5248 1917 5295 et
1961 5242 2243 5301 Dominica

643 5320 760 5376 dies
784 5337 904 5377 esse
944 5323 1299 5379 demonstrat.
1348 5326 1501 5382 Unde
1546 5336 1632 5383 est
1656 5329 1785 5387 illud
1814 5331 2096 5403 Apostoli:
2136 5333 2241 5391 Vos

641 5412 699 5467 in
722 5429 879 5467 carne
905 5431 1009 5469 non
1035 5417 1181 5482 estis,
1209 5417 1299 5472 sed
1321 5417 1377 5472 in
1404 5417 1591 5489 spiritu
1619 5418 1796 5491 (Rom.
1823 5441 1945 5491 vm,
1976 5426 2051 5497 9).

714 5506 876 5563 Vsus.
902 5507 988 5561 11.
1013 5537 1086 5549 -
1107 5508 1173 5562 Ει
1196 5511 1373 5566 audivi
1405 5521 1522 5583 post
1547 5529 1628 5567 me
1649 5530 1819 5569 uocem
1840 5533 2087 5588 magnam
2110 5529 2232 5574 tan-

644 5609 804 5666 quam
826 5600 966 5653 tuba:
986 5599 1255 5656 dicentem
1287 5618 1302 5659 :
1336 5601 1490 5669 Quod
1516 5604 1656 5661 vides
1682 5606 1867 5661 scribe.
1889 5608 2023 5665 Illud
2066 5612 2235 5668 scien-

2338 4805 2538 4844 cornua
2555 4788 2691 4858 justi
2713 4784 2887 4859 (Psal.
2934 4803 3119 4853 Lxxtv,
3153 4785 3264 4857 11).
3311 4785 3569 4856 Thyatira
3597 4783 3811 4839 dicitur
3836 4784 3946 4839 illu-

2338 4881 2575 4945 minata;
2614 4888 2669 4934 et
2710 4895 2830 4949 qua:
2875 4878 2977 4933 alia
3009 4877 3313 4933 illuminata
3339 4876 3666 4947 intelligitur
3693 4876 3806 4931 nisi
3859 4876 3946 4932 illa

2335 4972 2425 5028 cui
2451 4986 2548 5042 per
2584 4971 2780 5026 Isaiam
2813 4971 3012 5026 dicitur
3044 4988 3057 5024 :
3094 4970 3284 5042 Surge,
3306 4969 3635 5033 illuminare,
3684 4966 3948 5024 Hierusa-

2342 5062 2444 5118 lem
2471 5062 2606 5136 (Isa.
2645 5079 2735 5129 ιχ,
2762 5061 2836 5135 1).
2874 5062 2944 5117 Et
2966 5070 3091 5133 apte
3116 5062 3419 5117 illuminata
3444 5059 3649 5115 dicitur
3676 5060 3950 5129 Ecclesia,

2341 5163 2401 5210 ut
2434 5156 2744 5211 meminerit
2772 5171 2831 5210 se
2869 5155 3123 5210 tenebras
3150 5152 3340 5209 fuisse.
3376 5152 3528 5209 Unde
3552 5151 3861 5224 Apostolus
3884 5152 3948 5207 ad

2341 5249 2459 5321 ejus
2497 5249 2743 5304 membra
2772 5267 2785 5302 :
2820 5249 3021 5304 Fuistis
3049 5248 3339 5321 aliquando
3385 5247 3635 5313 tenebrae,
3680 5264 3832 5301 nunc
3854 5264 3948 5301 as-

2340 5348 2444 5394 tem
2469 5338 2563 5393 lux
2595 5340 2651 5393 in
2677 5337 2900 5393 Domino
2932 5337 3210 5411 (Ephes.v,
3240 5339 3318 5411 8).
3352 5336 3544 5393 Sardis
3567 5336 3774 5393 Latine
3794 5345 3947 5395 sonat

2337 5430 2568 5502 principi
2594 5429 3031 5501 pulchritudinis,
3048 5432 3137 5486 ubi
3159 5429 3668 5502 subintelligendum
3682 5440 3775 5485 est
3800 5438 3951 5501 apta—

2337 5533 2419 5589 ta,
2474 5524 2556 5578 vel
2609 5534 2930 5595 praeparata.
2981 5524 3242 5597 Princeps
3290 5534 3471 5581 autem
3515 5522 3951 5593 pulchritude

2340 5615 2431 5670 ille
2452 5623 2558 5681 est,
2587 5615 2653 5671 de
2690 5630 2797 5687 quo
2830 5614 3116 5672 Psalmista
3145 5616 3223 5672 ait
3251 5634 3265 5673 :
3304 5615 3579 5690 Speciosus
3614 5615 3804 5689 [arma
3840 5629 3951 5688 pr:
3983 5602 4030 5657 ‘1

728 5784 758 5819 ι
782 5771 936 5833 Hanc
958 5786 1015 5834 et
1065 5788 1355 5851 sequentes
1402 5784 1720 5842 urbicorum
1750 5784 2034 5843 nominum
2077 5788 2557 5864 interpretationes
2583 5792 2707 5866 quis
2729 5793 2976 5852 eruditus
2997 5795 3225 5868 probet?

3964 2986 4010 3043 Ἄ
