4088 6330
235 419 375 502 1097

1025 434 1435 501 EXEGETICA.
1469 427 1544 486 ᾁ-
1579 437 1934 501 conatum.
1978 439 2045 497 1N
2082 442 2372 500 APOCAL.
2407 429 2476 485 '—
2500 446 2626 502 LIB.
2667 447 2708 502 ι.

3367 432 3506 512 4098

232 558 356 632 ﬁliis
386 554 654 613 hominum
675 553 848 629 (Psal.
870 571 1019 624 xuv,
1045 557 1122 629 5).
1153 559 1221 613 Et
1247 574 1366 630 qua:
1387 564 1470 615 est
1503 561 1629 616 huic
1670 575 1813 630 pra:-
1843 562 1894 621 Α
1918 575 2100 612 aurea.
2129 558 2261 615 lllud
2291 561 2568 616 sciendum
2598 562 2741 632 quod
2772 561 2959 618 Daniel
2985 563 3122 618 vidit
3150 565 3325 620 virum
3364 583 3508 638 prae-

230 651 462 725 parata?
486 649 590 706 nisi
619 650 708 706 illa
734 651 801 706 de
829 666 935 722 qua
959 653 1133 708 eidem
1165 655 1396 726 principi
1423 657 1557 712 dicit
1576 656 1818 727 Prophe-

233 753 283 799 ta
319 762 333 798 :
363 742 537 798 Astitit
580 741 758 814 regina
807 761 839 798 a
875 744 1072 799 dextris
1105 747 1208 800 tuis
1249 747 1302 802 in
1337 749 1518 803 vestitu
1563 749 1815 803 deaurato

232 834 637 892 circumamicta
677 835 924 890 varietate
947 835 1110 906 (Ibid.
1143 855 1274 892 vers.
1308 838 1417 910 10).
1449 840 1814 911 Philadelphia

233 929 620 996 interpretatur
674 925 888 982 salvans
942 928 1309 984 hmreditatem
1357 930 1603 986 Domino.
1662 932 1815 988 Unde

232 1028 355 1091 apte
376 1019 688 1089 intelligitur
723 1019 1014 1075 electorum
1038 1021 1296 1086 Ecclesia,
1337 1040 1456 1093 quae
1485 1039 1608 1078 cum
1635 1024 1816 1080 divino

231 1109 498 1180 adiutorio
527 1125 584 1165 se
622 1110 793 1179 ipsam
841 1110 1052 1167 salvare
1076 1113 1373 1168 contendit.
1423 1114 1498 1168 De
1529 1116 1629 1170 hac
1672 1115 1813 1170 enim

232 1204 545 1259 hmreditate
565 1204 796 1259 dicitur:
821 1203 968 1258 Dabo
990 1205 1083 1260 tibi
1101 1214 1273 1277 gentes
1290 1207 1648 1261 haereditatem
1670 1217 1816 1260 tuam

231 1296 404 1369 (Psal.
428 1315 489 1363 ιι,
518 1297 595 1369 8).
628 1297 881 1354 Laodicia
917 1298 1304 1370 interpretatur
1349 1299 1522 1354 tribus
1571 1299 1818 1354 amabilis

231 1391 478 1457 Domino,
509 1391 641 1456 sive,
673 1391 889 1446 fuerunt
925 1393 978 1446 in
1007 1393 1242 1458 vomitu;
1274 1407 1394 1463 qua:
1436 1393 1816 1463 interpretatio

229 1483 517 1552 permistos
538 1483 709 1538 bonos
737 1499 860 1538 cum
885 1483 1039 1539 malis
1065 1485 1120 1538 in
1143 1485 1384 1541 Ecclesia
1412 1485 1670 1541 ostendit.

305 1575 463 1632 Vsus.
499 1575 585 1629 12.
609 1575 769 1629 —Et
819 1592 1093 1630 conversus
1121 1593 1238 1630 sum
1276 1586 1330 1630 ut
1376 1577 1601 1630 viderem
1646 1592 1819 1630 vocem

231 1681 347 1736 qua:
393 1662 702 1735 loquebatur
753 1681 971 1719 mecum.
1014 1665 1252 1720 Dicendo
1291 1665 1538 1732 viderem,
1584 1665 1820 1721 ostendit

231 1772 336 1812 non
355 1756 691 1826 corporalem
712 1755 877 1811 fuisse
901 1773 1114 1822 vocem,
1137 1774 1257 1828 qua:
1282 1757 1452 1814 videri
1475 1775 1584 1813 non
1606 1763 1814 1829 potest;

231 1849 325 1902 sed
380 1847 700 1917 spiritalem,
728 1864 891 1918 quam
921 1850 1055 1903 nihil
1098 1851 1242 1905 aliud
1269 1858 1353 1904 est
1403 1851 1607 1916 videre,
1655 1866 1819 1919 quam

1929 653 2168 708 cinctum
2215 669 2392 722 renes,
2434 654 2670 712 Joannes
2720 656 2790 709 ad
2834 655 3117 724 mamillas,
3176 659 3302 729 quia
3346 661 3514 720 Vetus

1919 744 2325 801 Testamentum
2377 747 2644 802 luxuriam
2683 748 2895 814 carnis,
2923 747 3144 803 ‘Novum
3176 766 3305 807 vero
3344 755 3510 808 etiam

1915 838 2112 894 mentis
2135 840 2332 894 frenat.
2383 839 2592 911 Duplex
2618 850 2797 896 autem
2828 842 2918 896 illa
2957 843 3275 913 praecinctio
3304 861 3408 900 non
3444 848 3512 900 ad

1915 940 2097 1001 caput,
2154 933 2247 987 sed
2291 933 2357 987 ad
2386 935 2630 989 membra
2659 935 2942 1006 redigitur,
2994 951 3116 990 cum
3167 946 3380 992 constet
3409 938 3515 994 Re-

1917 1020 2253 1092 demptorem
2288 1035 2531 1081 nostrum
2560 1043 2661 1083 nec
2689 1028 2932 1096 corporis
2962 1045 3062 1083 nec
3089 1029 3270 1085 cordis
3299 1030 3515 1086 luxnria

1919 1119 2143 1167 tactum.
2171 1114 2296 1170 Haec
2318 1117 2484 1186 igitur
2509 1134 2644 1173 zona
2668 1119 2806 1173 bene
2855 1133 3018 1173 aurea
3058 1118 3225 1175 fuisse
3275 1122 3511 1188 dicitur;

1917 1203 2043 1272 quia
2084 1205 2328 1274 quisquis
2358 1221 2604 1277 superum
2628 1208 2817 1278 patriae
2844 1208 2976 1263 civis
3011 1217 3115 1274 est,
3150 1226 3256 1264 non
3307 1213 3504 1268 timore

1919 1294 2184 1364 supplicii,
2219 1297 2313 1350 sed
2342 1312 2526 1352 amore
2554 1313 2801 1367 supernae
2822 1298 3084 1353 claritatis
3107 1299 3508 1357 immunditiam

1918 1385 2137 1441 deserit.
2187 1386 2341 1453 Quod
2386 1397 2568 1444 autem
2607 1390 2866 1459 apostolis
2895 1391 2949 1445 in
2974 1389 3125 1447 Novo
3156 1392 3512 1450 Testamento

1911 1475 2154 1546 jubetur,
2182 1480 2286 1533 sint
2306 1479 2469 1534 lumbi
2497 1482 2647 1536 vestri
2691 1485 2958 1552 prtecincti
3000 1481 3150 1555 (Luc.
3178 1501 3278 1551 xu,
3310 1485 3427 1559 55),
3456 1489 3514 1542 in

1919 1583 2104 1623 eorum
2127 1584 2357 1639 persona
2380 1571 2460 1626 eis
2487 1572 2708 1642 jubetur
2741 1573 2832 1643 qui
2863 1574 3091 1628 necdum
3115 1578 3295 1631 carnis
3339 1576 3514 1633 forni-

1921 1658 2186 1712 cationem
2210 1659 2507 1727 frenantes,
2536 1662 2603 1717 ad
2633 1662 2758 1716 vitae
2798 1664 3000 1720 veteris
3025 1665 3300 1720 hominem
3345 1667 3515 1736 perti-

1921 1756 2071 1803 nent.
2104 1748 2239 1804 Nam
2285 1751 2386 1820 ipsi
2415 1752 2569 1821 prius
2608 1755 2788 1809 carnis
2832 1755 3226 1811 immunditiam
3257 1759 3513 1813 deserue-

1923 1846 2066 1892 rant.
2089 1837 2283 1904 Aliter,
2308 1840 2377 1893 ad
2399 1840 2669 1896 mamillas
2699 1857 2833 1897 zona
2856 1859 3020 1900 aurea
3049 1848 3270 1917 angelus
3293 1851 3516 1917 praecin-

230 1940 439 1996 audire.
480 1939 780 2010 Allegorice
814 1940 1055 1996 Ecclesia
1089 1956 1348 1996 conversa
1397 1950 1483 1998 est
1525 1951 1584 1996 ut
1627 1913 1897 2019 vocem;B
1923 1932 2090 2004 gitur,
2130 1931 2256 2001 qnia
2305 1931 2547 1987 Εθειθείθ
2577 1949 2643 1988 ex
2695 1935 2905 1990 dUObUS
2954 1939 3164 2007 Ρορυιίε
3187 1941 3430 2008 veniens,
3459 1943 3518 1998 in

229 2030 457 2097 videret,
488 2030 615 2100 quia
643 2031 839 2086 mentis
867 2031 1135 2086 desiderio
1159 2033 1227 2087 ad
1255 2031 1419 2086 verba
1445 2032 1580 2102 legis
1606 2040 1660 2087 et
1685 2048 1815 2104 pro-

227 2123 508 2192 phetarum
533 2138 591 2177 se
627 2122 875 2188 contulit,
915 2132 977 2177 ut
1002 2139 1191 2179 eorum
1224 2132 1565 2179 sacramenta
1597 2125 1815 2195 impleta

223 2215 333 2286 jam
365 2224 630 2271 cerneret.
679 2216 750 2270 Et
790 2233 1066 2272 conversus
1112 2217 1216 2270 vidi
1263 2225 1456 2286 septem
1499 2214 1816 2270 candelabra

229 2324 411 2372 aurea,
446 2307 630 2379 (Vsus.
663 2307 750 2378 13)
779 2317 828 2361 et
854 2309 909 2361 in
947 2308 1116 2361 medio
1147 2317 1339 2377 septem
1379 2306 1816 2361 candelabrorum

227 2412 507 2450 aureorum
536 2394 758 2450 similem
777 2395 889 2464 ﬁlio
908 2395 1153 2450 hominis.
1180 2395 1283 2450 Per
1319 2403 1526 2466 septem
1567 2396 1817 2451 candela-

227 2485 326 2540 bra
371 2484 700 2555 septiformis
727 2486 969 2542 Ecclesia
1000 2487 1331 2558 designatur,
1377 2488 1432 2541 in
1461 2486 1614 2556 cujus
1638 2488 1816 2545 medio

227 2583 312 2630 est
353 2575 620 2643 Christus,
661 2577 753 2648 qui
784 2577 902 2632 ideo
932 2578 1125 2633 similis
1169 2576 1279 2632 ﬁlio
1322 2578 1557 2639 hominis
1595 2579 1812 2646 dicitur,

229 2671 355 2742 quia
379 2671 493 2741 jam
530 2681 648 2727 erat
684 2673 1038 2740 immortalis;
1089 2675 1202 2729 sive
1231 2675 1358 2744 quia
1389 2691 1493 2730 non
1543 2691 1665 2731 cum
1691 2691 1817 2746 pec-

229 2768 369 2826 cato,
401 2763 494 2818 sed
525 2762 577 2816 in
605 2763 956 2819 similitudine
985 2766 1166 2819 carnis
1208 2766 1417 2837 peccati
1457 2768 1725 2836 apparuit.
1756 2767 1815 2819 In

228 2854 406 2910 medio
464 2865 644 2911 autem
691 2857 1003 2926 apparuisse
1032 2856 1258 2928 legitur,
1303 2858 1459 2928 juxta
1494 2857 1623 2911 illud
1667 2875 1679 2909 :
1716 2855 1814 2909 Ubi

227 2947 356 3012 duo,
405 2947 481 3002 vel
526 2957 628 3003 tres
658 2951 953 3020 congregati
983 2949 1183 3006 fuerint
1236 2951 1291 3005 in
1331 2951 1538 3005 nomine
1567 2966 1704 3014 meo,
1744 2949 1816 3002 ibi

227 3054 345 3091 sum
369 3039 426 3093 in
462 3040 629 3095 medio
656 3058 836 3095 eorum
877 3041 1092 3112 (Matth.
1125 3058 1284 3108 xvm,
1311 3042 1423 3113 20).
1455 3042 1524 3096 Et
1545 3049 1666 3112 apte
1718 3055 1816 3111 per

229 3135 434 3196 septem
481 3129 802 3184 candelabra
859 3146 1022 3184 aurea
1061 3131 1301 3186 Ecclesia
1345 3130 1626 3201 ﬁguratur.
1679 3129 1815 3185 Nam

229 3219 559 3289 septiformis
584 3223 826 3291 operatio
850 3224 1022 3279 sancti
1047 3223 1283 3294 Spiritus
1310 3239 1408 3294 per
1429 3237 1736 3288 numerum,
1758 3231 1813 3278 et

229 3320 446 3368 aeterna:
485 3313 762 3384 sapientiae
787 3315 1004 3371 claritas
1041 3331 1138 3386 per
1164 3331 1355 3370 aurum
1385 3316 1668 3386 ﬁguratur.
1699 3315 1813 3370 Sic—

231 3414 294 3461 ut
321 3407 502 3476 itaque
551 3421 740 3462 aurum
770 3423 867 3478 per
906 3409 1085 3479 ignem
1115 3409 1421 3478 probatum,
1455 3408 1815 3479 percussioni-

229 3501 336 3557 bus
384 3502 702 3572 perductum
743 3503 1125 3558 candelabrum
1173 3502 1432 3570 efﬁcitur;
1466 3503 1545 3558 sic
1574 3503 1813 3558 Ecclesia

231 3593 360 3664 igne
390 3591 753 3647 tribulationis
773 3593 841 3646 ad
873 3608 1068 3662 purum
1101 3600 1322 3648 excocta
1353 3593 1707 3647 tentationum
1740 3593 1817 3646 ic-

231 3686 380 3742 tibus
400 3686 455 3740 in
480 3683 941 3757 longanimitatem
967 3694 1184 3741 extenta
1209 3694 1633 3741 consummatur.
1664 3685 1816 3742 Unde

226 3775 399 3832 Isaias
432 3776 543 3831 ait:
594 3775 742 3831 Dixit
775 3775 1026 3830 Dominus
1050 3777 1202 3846 cujus
1228 3785 1304 3830 est
1345 3776 1480 3848 ignis
1506 3776 1560 3829 in
1586 3774 1736 3840 Sion,
1765 3784 1814 3829 et

229 3867 469 3922 caminus
489 3868 604 3938 ejus
638 3868 694 3922 in
722 3866 1053 3923 Hierusalem
1079 3867 1214 3940 (Isa.
1249 3883 1401 3932 xxxi,
1434 3868 1512 3936 9).
1545 3867 1814 3921 Prmterea

227 3959 512 4014 sciendum
557 3958 682 4026 quia
727 3966 782 4012 et
812 3973 912 4028 per
953 3965 1158 4026 septem
1214 3956 1568 4019 candelabra,
1618 3963 1674 4009 et
1719 3972 1817 4025 per

226 4046 408 4102 ﬁlium
453 4036 690 4102 hominis
739 4062 844 4102 una
895 4046 1206 4116 designatur
1249 4045 1512 4109 Ecclesia,
1561 4045 1813 4112 quoniam

224 4152 345 4192 una
378 4143 462 4191 est
479 4135 679 4192 Christi
705 4145 760 4191 et
787 4135 1042 4190 Ecclesiae
1073 4151 1323 4207 persona.
1353 4136 1506 4192 Unde
1532 4135 1673 4190 idem
1712 4136 1817 4191 Do-

226 4231 416 4286 minus
458 4230 551 4301 qui
587 4231 811 4286 vestitus
851 4231 1050 4300 podere
1078 4231 1131 4284 in
1161 4230 1336 4285 medio
1365 4229 1813 4285 candelabrorum

228 4323 507 4393 apparuit,
537 4323 753 4378 indutus
787 4331 871 4378 est
915 4321 1031 4393 ipsa
1078 4321 1419 4377 candelabra.
1477 4321 1817 4393 Quapmpter

227 4417 343 4473 hoc
363 4424 447 4471 est
471 4416 639 4472 vestis
661 4415 864 4471 Christi
895 4415 1038 4485 quod
1057 4422 1260 4484 septem
1283 4414 1628 4479 candelabra,
1657 4414 1710 4468 id
1734 4422 1817 4469 est

229 4508 500 4565 Ecclesia.
544 4507 726 4563 Genus
783 4508 924 4563 enim
947 4505 1195 4578 jungitur
1245 4507 1453 4578 generi,
1492 4522 1614 4562 cum
1641 4515 1695 4562 et
1720 4522 1817 4577 per

231 4607 440 4669 septem
463 4599 799 4664 candelabra,
831 4607 887 4654 et
923 4615 1021 4670 per
1042 4598 1209 4653 ﬁlium
1239 4599 1475 4654 hominis
1501 4599 1816 4670 intelligitur
1840 4639 1893 4698 Β

230 4689 499 4746 Ecclesia.
540 4690 609 4745 Et
643 4699 768 4746 nota
813 4691 940 4762 quia
988 4689 1054 4744 ad
1110 4706 1209 4746 nos
1245 4692 1481 4760 pertinet
1523 4692 1816 4747 similitudo

232 4781 336 4836 filii
363 4782 616 4848 hominis,
638 4783 888 4852 quoniam
911 4782 1050 4838 sicut
1072 4783 1370 4839 resurrexit
1390 4793 1553 4854 caput
1573 4793 1816 4839 nostrum

233 4874 297 4928 in
327 4890 409 4940 re,
436 4875 509 4928 ita
529 4883 584 4929 et
609 4891 708 4930 nos
744 4876 797 4930 in
825 4890 938 4946 spe.

323 4959 577 5015 Vestitum
603 4963 812 5032 pedere.
845 4963 1019 5019 Podes
1060 4963 1267 5030 Graece,
1298 4963 1488 5018 Latine
1532 4964 1697 5035 pedes
1738 4964 1821 5020 di-

197 5085 214 5097 ~
233 5058 456 5107 cuntur.
489 5050 626 5118 Quid
663 5067 789 5123 ergo
817 5067 912 5122 per
944 5056 1220 5124 poderem,
1251 5057 1303 5110 id
1328 5067 1410 5111 est
1434 5056 1652 5112 talarem
1681 5058 1821 5112 tuni-

234 5158 384 5208 cam,
409 5157 570 5212 quam
598 5143 889 5198 Zacharias
918 5146 1305 5200 sacerdotalem
1345 5162 1464 5202 esse
1487 5149 1638 5213 dicit,
1683 5150 1824 5204 acci-

232 5233 444 5305 pimus,
472 5233 575 5288 nisi
602 5234 908 5304 spccialiter
932 5235 1129 5290 Christi
1155 5252 1369 5292 carnem
1388 5279 1402 5302 ,
1423 5247 1478 5292 et
1504 5239 1826 5309 generaliter

237 5341 459 5381 omnem
512 5325 844 5382 Ecclesiam?
871 5327 990 5397 lpse
1015 5328 1211 5398 quippe
1256 5329 1366 5384 Deo
1388 5329 1536 5384 Patri
1564 5331 1619 5384 in
1661 5346 1825 5386 cruce

239 5428 307 5472 se
336 5414 611 5472 oﬁ'erendo
638 5417 999 5472 sacerdotium
1025 5419 1210 5489 gessit.
1242 5419 1348 5475 Sed
1378 5422 1496 5476 haec
1518 5422 1826 5476 sacerdota-

237 5510 314 5564 lis
345 5509 512 5564 vestis
534 5524 704 5580 usque
744 5509 808 5563 ad
839 5509 973 5564 talos
998 5518 1101 5576 cst,
1137 5512 1262 5582 quia
1292 5528 1489 5582 corpus
1514 5511 1652 5581 ejus,
1682 5515 1826 5583 quod

239 5607 332 5655 est
366 5598 628 5666 Ecclesia,
677 5614 848 5670 usque
876 5601 942 5656 ad
971 5601 1262 5658 novissima
1313 5604 1578 5671 membra,
1619 5621 1683 5660 ea
1707 5620 1826 5676 qum

244 5690 443 5746 desunt
463 5691 775 5759 passionum
802 5692 1000 5749 Christi
1035 5695 1318 5765 adimplet;
1343 5697 1428 5753 vel
1465 5706 1614 5755 certe
1659 5700 1826 5755 vestis

242 5777 366 5848 ejus
397 5775 571 5851 usque
609 5782 680 5836 ad
719 5782 877 5850 talos,
910 5785 1010 5840 fuit
1055 5801 1192 5860 opus
1226 5789 1508 5845 charitatis
1533 5806 1706 5861 usque
1757 5792 1855 5848 ad‘

243 5866 550 5945 passionem
579 5873 791 5930 mortis.
837 5875 909 5931 Et
939 5881 1276 5951 praecinctum
1303 5881 1373 5937 ad
1400 5882 1663 5941 mamillas
1691 5899 1825 5942 zona

647 5967 924 6033 PATBOL.
979 5971 1048 6037 C.

1919 2021 2137 2078 Christo
2161 2023 2444 2078 charitatis
2470 2039 2728 2096 compage
2748 2027 2955 2081 unitur.
2989 2029 3175 2100 (Vens.
3208 2030 3318 2102 M.)
3343 2031 3516 2103 Caput

1919 2128 2092 2171 autem
2121 2118 2236 2188 ejus
2264 2126 2311 2170 et
2338 2117 2517 2188 capilli
2543 2128 2691 2172 erant
2719 2121 2935 2174 candidi
2957 2131 3205 2192 tanquam
3238 2124 3362 2178 lana
3389 2123 3515 2179 alba

1919 2217 1965 2261 et
2011 2218 2262 2279 tanquam
2287 2209 2398 2260 nix.
2441 2207 2615 2276 Caput
2634 2207 2836 2264 Christi
2864 2220 2948 2264 est
2974 2212 3118 2266 Deus
3140 2212 3331 2279 Pater;
3362 2214 3508 2269 unde

1918 2295 2242 2366 Apostolus:
2273 2296 2444 2368 Caput
2485 2296 2681 2354 Christi
2705 2299 2846 2355 Deus
2879 2301 2930 2372 (I
2964 2300 3087 2356 Cor.
3119 2321 3198 2371 χι,
3230 2306 3316 2376 5);
3362 2305 3518 2377 cujus

1917 2390 2189 2445 aeternitas
2206 2391 2359 2461 juxta
2381 2407 2588 2446 morem
2610 2393 2859 2449 humana:
2888 2395 3176 2454 locutionis
3197 2399 3250 2452 in
3274 2400 3511 2455 candore

1917 2481 2111 2552 capitis
2171 2481 2609 2538 demonstratur.
2673 2484 2974 2557 Allegorice
3036 2497 3198 2558 caput
3255 2489 3513 2546 Ecclesiae

1915 2571 2247 2643 Redemptor
2275 2574 2390 2644 ejus
2426 2582 2538 2640 est;
2564 2573 2718 2643 juxta
2745 2577 2910 2632 i‘llud:
2942 2577 3109 2650 Caput
3140 2582 3236 2635 viri
3266 2581 3510 2637 Christus

1917 2661 2128 2734 (Ibid.).
2155 2662 2345 2733 Capilli
2372 2665 2629 2736 praecipui
2659 2676 2787 2722 sunt
2811 2668 2866 2722 in
2887 2669 3147 2737 Ecclesia,
3183 2673 3272 2742 qui
3295 2681 3519 2744 propter

1916 2753 2281 2810 innocentiam
2313 2756 2487 2827 agnis,
2515 2757 2568 2813 id
2590 2767 2674 2813 est
2715 2758 2873 2826 lanae,
2910 2770 3133 2832 propter
3159 2766 3513 2820 resurrectio-

1915 2863 2040 2902 nem
2093 2848 2201 2902 nivi
2233 2858 2636 2920 comparantur.
2683 2851 2751 2906 Et
2780 2852 2904 2922 quia
2946 2861 3234 2925 utrumque
3263 2855 3513 2912 Christus

1916 2940 1970 2994 in
1997 2956 2056 2995 se
2077 2941 2335 3008 ostendit,
2365 2942 2420 2997 id
2446 2952 2529 2998 est
2552 2943 2919 3000 innocentiam
2945 2954 3001 3000 et
3034 2950 3509 3015 resurrectionem,

1914 3049 2146 3104 quorum
2183 3035 2414 3088 alterum
2456 3034 2682 3101 imitari,
2729 3036 2961 3091 alterum
2999 3049 3316 3108 exspectare
3355 3039 3517 3108 jube-

1914 3143 2066 3192 mur;
2105 3128 2306 3182 idcirco
2334 3144 2441 3183 non
2487 3129 2659 3183 solum
2691 3129 2892 3198 capilli.
2931 3131 3024 3186 sed
3065 3139 3120 3186 et
3151 3141 3324 3187 totum
3351 3143 3515 3205 caput

1917 3217 2053 3273 latae
2079 3219 2213 3273 alba:
2242 3225 2298 3274 et
2336 3219 2446 3274 nivi
2484 3219 2837 3275 assimilatur.

1899 3293 1904 3300 λ
1988 3307 2058 3362 Et
2101 3308 2240 3362 oculi
2278 3310 2392 3379 ejus
2443 3309 2590 3364 velut
2630 3311 2847 3380 ﬂamma
2903 3312 3057 3381 ignis.
3101 3311 3192 3367 Isti
3244 3313 3385 3368 oculi
3432 3306 3511 3367 illi

1919 3408 2060 3466 sunt,
2089 3401 2155 3455 de
2177 3402 2374 3470 quibus
2396 3401 2622 3457 inferius
2643 3403 2869 3457 dicitur:
2903 3401 3019 3457 Vidi
3040 3421 3232 3474 agnum
3260 3414 3511 3477 tanquam

1918 3493 2148 3546 occisum
2191 3492 2462 3546 habentem
2513 3493 2691 3547 oculos
2739 3504 2951 3565 septem,
3013 3496 3102 3567 qui
3145 3507 3266 3551 sunt
3320 3507 3513 3568 septem

1916 3584 2130 3654 spiritus
2160 3583 2260 3638 Dei
2288 3584 2472 3655 (Apoc.
2498 3601 2555 3651 v,
2587 3584 2662 3656 6).
2692 3585 2826 3640 Nam
2850 3588 2977 3657 quia
3009 3587 3246 3659 Spiritus
3291 3599 3512 3646 sanctus

1917 3683 1972 3729 et
1998 3675 2065 3729 ad
2088 3674 2249 3729 fidem
2272 3675 2539 3730 illuminat
2573 3676 2896 3743 Ecclesiam,
2941 3680 3075 3733 etin
3124 3697 3362 3736 amorem
3412 3682 3511 3736 Dei

1917 3777 2257 3834 concremat;
2295 3778 2441 3824 recte
2491 3769 2770 3824 oculorum
2818 3769 3126 3834 luminibus,
3179 3783 3232 3826 et
3277 3775 3506 3830 ﬂamma:

1918 3857 2056 3927 ignis
2077 3857 2426 3910 assimilatur.
2456 3856 2690 3910 Possunt
2715 3869 2769 3912 et
2791 3873 2887 3928 per
2909 3861 3008 3914 hos
3025 3862 3209 3916 oculos
3232 3865 3506 3933 spiritales

1918 3946 2092 4014 angeli
2129 3946 2183 3998 in
2207 3945 2448 3999 Ecclesia
2489 3945 2785 4016 designari,
2810 3949 2903 4017 qui
2933 3949 3050 4005 luce
3071 3952 3313 4008 scientiae
3357 3971 3508 4010 eam-

1917 4036 2039 4090 dem
2067 4035 2360 4090 Ecclcsiam
2387 4036 2677 4101 illustrant,
2711 4045 2766 4092 et
2789 4040 2992 4094 amoris
3019 4041 3322 4098 incendium
3363 4062 3505 4116 pra:-

1917 4129 2064 4183 bent.
2107 4128 2291 4200 (Vens.
2342 4129 2453 4200 15.)
2501 4129 2571 4182 Et
2596 4130 2751 4200 pedes
2793 4132 2906 4202 ejus
2933 4133 3126 4188 similes
3178 4138 3506 4205 aurichalco,

1918 4221 2059 4277 sicut
2091 4223 2144 4276 in
2187 4223 2400 4277 camino
2426 4223 2656 4277 ardenti.
2684 4224 2994 4282 Aurichalci
3033 4229 3154 4283 talis
3189 4233 3507 4300 perhibetur

1917 4313 2163 4378 effectus,
2189 4315 2330 4384 quod
2367 4329 2440 4370 ars
2466 4315 2521 4369 in
2557 4317 2827 4370 caminum
2855 4319 3102 4385 missum,
3136 4322 3377 4377 adhibito
3412 4341 3509 4380 ve-

1918 4405 2155 4459 hementi
2180 4390 2452 4470 incendio,
2475 4405 2721 4461 immisso
2746 4408 2908 4461 etiam
2932 4409 3166 4478 quodam
3195 4414 3514 4470 medicamio

1919 4510 2008 4560 ne,
2033 4502 2088 4550 et
2129 4493 2422 4551 ﬁrmiorem
2478 4498 2710 4567 accipiat
2751 4497 3148 4567 fortitudinem,
3193 4511 3249 4558 et
3295 4504 3348 4559 in
3392 4507 3512 4562 auri

1920 4598 2265 4645 convertatur
2292 4590 2575 4661 fulgorem.
2608 4591 2760 4647 Unde
2805 4602 2928 4664 apte
2955 4595 3109 4665 pedes
3144 4597 3340 4652 similes
3361 4601 3510 4655 auri-

1921 4686 2102 4740 chalco
2127 4687 2194 4741 ad
2220 4687 2308 4740 illa
2344 4688 2636 4742 novissima
2680 4687 2937 4743 Ecclesia:
2971 4691 3210 4746 membra
3260 4695 3513 4766 redigun-

1919 4787 2028 4844 tur,
2058 4793 2176 4848 quze
2207 4777 2307 4832 sub
2334 4777 2668 4833 Antichristo
2697 4779 2865 4834 nimio
2895 4783 3282 4850 persecutionis
3325 4785 3510 4840 incen-

1920 4869 2008 4924 dio
2058 4875 2187 4923 sunt
2238 4867 2633 4937 excoquenda;
2693 4869 2788 4923 sed
2846 4870 3087 4925 adhibito
3153 4873 3510 4930 medicamine

1919 4959 2243 5025 tolerantiae,
2270 4957 2494 5013 fortiora
2520 4973 2585 5012 ac
2623 4958 2850 5014 clariora
2897 4962 3252 5030 reperientur.
3283 4961 3352 5016 Et
3380 4963 3509 5033 quia

1919 5057 1974 5111 in
2000 5056 2183 5112 Judaaa
2211 5053 2583 5109 vehementior
2604 5054 2710 5108 erit
2738 5055 2972 5120 vexatio,
3003 5055 3093 5108 ubi
3133 5055 3393 5111 Dominus
3439 5059 3508 5112 ab

1921 5151 2101 5221 impiis
2144 5149 2343 5205 Judzcis
2378 5149 2668 5206 cruciﬁxus
2699 5160 2803 5216 est,
2845 5152 3046 5208 idcirco
3085 5153 3188 5208 alia
3223 5153 3509 5208 translatio

1921 5242 2285 5297 aurichalcum
2310 5241 2498 5297 Libani
2528 5245 2743 5313 posuit,
2774 5244 2865 5314 qui
2891 5259 3044 5299 mons
3072 5245 3124 5299 in
3151 5243 3335 5301 Judaea
3385 5262 3507 5302 esse

1919 5336 2251 5405 perhibetur.
2282 5334 2351 5388 Et
2377 5353 2476 5391 vox
2501 5337 2616 5408 ejus
2639 5349 2888 5408 tanquam
2909 5354 3007 5391 vox
3029 5356 3287 5410 aquarum
3313 5339 3510 5393 multa-

1921 5446 2059 5483 rum.
2085 5429 2344 5499 Superius
2371 5431 2531 5502 hujus
2562 5432 2651 5502 qui
2688 5431 2936 5500 apparuit
2961 5446 3146 5486 vocem
3184 5431 3326 5487 tuba:
3360 5448 3509 5488 com-

1920 5522 2153 5592 paravit,
2186 5539 2330 5578 nnnc
2379 5533 2558 5578 autem
2588 5523 2706 5579 voci
2738 5538 3000 5591 aquarum
3028 5525 3341 5588 multarum,
3381 5524 3504 5594 quia

1923 5614 2066 5684 quod
2095 5613 2244 5684 prius
2270 5615 2427 5685 pauci
2457 5614 2859 5685 praedicatores,
2889 5623 3074 5684 postea
3111 5624 3254 5670 totus
3273 5615 3507 5669 mundus

1923 5705 2192 5760 clamavit.
2216 5704 2390 5761 Aliter
2408 5721 2506 5777 per
2526 5720 2714 5761 vocem
2745 5705 2905 5772 tubze,
2933 5721 3036 5762 vox
3053 5706 3270 5762 Veteris
3295 5714 3352 5761 et
3370 5705 3504 5760 Novi

1923 5797 2284 5865 Testamenti;
2315 5805 2370 5854 et
2396 5813 2493 5868 per
2513 5812 2700 5853 vocem
2727 5812 2990 5867 aquarum
3017 5797 3306 5852 multarum
3332 5797 3508 5852 chari-

1923 5894 2010 5945 tas
2042 5897 2222 5962 potest
2247 5888 2488 5958 intelligi,
2519 5889 2672 5965 cujus
2694 5889 2973 5961 multiplex
2998 5890 3083 5946 lex
3104 5899 3204 5956 est,
3237 5898 3298 5946 ut
3327 5888 3461 5945 illud
3494 5901 3508 5934 7

3032 5985 3109 6046 35
