4088 6330
213 395 323 466 μοι

954 393 1365 457 ΕΧΕΕΕἩΕΑ.
1397 426 1469 448 --.
1497 387 1858 456 GOIMENT.
1895 387 1966 452 ΙΝ
2002 383 2296 452 APOCAL.
2317 419 2390 442 ιη»
2423 393 2554 452 LIB.
2589 387 2658 451 ll.

3303 389 3443 454 “02

210 528 313 599 qula
333 523 377 580 si
413 534 516 594 per
537 526 711 578 totum
751 525 940 590 aperta
971 517 1112 574 visio
1133 524 1298 578 esset.
1319 565 1324 568 .
1343 515 1668 580 vilesceret;
1699 513 1748 570 si
1775 517 1830 580 Α
1851 517 2170 582 prosecutus
2207 516 2313 572 est.
2365 505 2473 564 Sed
2497 507 2568 599 ab
2587 505 2694 568 hac
2720 495 2900 599 specie
2923 495 2996 562 ad
3019 504 3182 566 aliam
3210 507 3443 568 reﬂectit

207 634 263 675 ex
289 625 388 672 toto
414 613 618 679 clausa,
662 617 1116 667 contemneretur.
1167 609 1356 680 (Vens.
1395 605 1512 678 30.)
1561 604 1760 662 Sacra—

208 717 408 764 mentum
435 713 626 777 septem
649 702 921 764 stellarum
943 717 1074 774 quas
1103 698 1276 755 uidisti
1305 700 1360 753 in
1384 695 1596 754 dextera
1617 711 1756 759 mea,

205 812 246 858 et
267 810 442 872 septem
457 797 776 854 candelabra
799 811 995 860 aurea;
1021 803 1212 866 septem
1239 790 1425 857 stellm,
1447 787 1618 861 angeli
1639 793 1761 842 sunt

206 903 368 962 septem
415 891 814 956 Ecclesiarum;
866 896 916 942 et
961 885 1280 942 candelabra
1307 893 1522 954 septem,
1567 887 1761 949 septem

203 983 430 1041 Ecclesia
453 992 594 1039 sunt.
623 983 700 1038 De
730 982 816 1036 his
851 977 1180 1036 suﬁcienter
1200 975 1314 1046 jam
1342 973 1552 1032 dictum
1577 977 1684 1026 est.

812 1111 1036 1177 CAPUT
1073 1109 1138 1168 ll.

263 1243 412 1308 Vsus.
475 1245 530 1300 i.
569 1274 644 1288 —
685 1244 754 1300 Et
797 1243 982 1316 angelo
1027 1243 1220 1314 Ephesi
1267 1239 1520 1298 Ecclesiae
1555 1239 1720 1296 scribe
1741 1254 1762 1296 :

199 1340 314 1400 Haec
335 1340 462 1396 dicit
483 1340 572 1412 qui
593 1349 732 1398 tenet
757 1348 948 1412 septem
981 1336 1162 1392 stellas
1183 1335 1236 1392 in
1267 1335 1480 1390 dextera
1517 1350 1638 1399 sua,
1675 1331 1766 1405 qui

197 1431 412 1487 ambulat
451 1431 507 1486 in
551 1431 718 1500 medio
749 1439 942 1502 septem
976 1427 1412 1488 candelabron
1457 1439 1761 1480 aureorum.

197 1524 362 1596 (Vens.
393 1520 477 1594 2.)
523 1521 648 1578 Scio
676 1538 834 1592 opera
860 1529 976 1586 tua,
1009 1527 1058 1576 et
1083 1520 1335 1586 laborem,
1384 1525 1434 1573 et
1459 1516 1766 1589 patientiam

193 1624 340 1670 luant.
378 1613 496 1672 Hoc
531 1613 653 1670 loco
678 1614 872 1670 beatus
895 1609 1150 1678 Joannes,
1194 1609 1280 1666 vel
1309 1625 1377 1665 ex
1403 1607 1643 1679 propria,
1678 1605 1764 1662 vel

195 1717 252 1758 ex
271 1702 687 1773 praecedentium
723 1701 1142 1771 praedicatorum
1178 1713 1432 1770 persona,
1470 1697 1636 1754 verba
1659 1695 1766 1752 Do-

192 1794 309 1850 mini
329 1794 449 1864 ipso
477 1792 700 1862 iubente
727 1791 918 1850 scribit
943 1792 1012 1848 ad
1049 1789 1412 1850 universalem
1435 1785 1762 1851 Ecciesiam,

1859 615 2166 658 sermonem
2190 639 2206 666 ,
2267 613 2434 670 quam
2489 597 2704 668 dignam
2741 595 2950 666 iudicat
2997 599 3442 669 reprehensione.

1859 696 2096 752 Priam
2139 701 2322 750 autem
2353 692 2680 752 charitatom
2723 703 2826 749 usu
2871 693 3121 750 humanm
3147 691 3444 756 loeutionio

1861 789 1992 847 dicit
2011 787 2212 860 prioris
2237 786 2518 860 temporis.

1931 880 2032 937 Sin
2055 889 2251 946 autem,
2281 878 2426 934 uenio
2451 877 2564 944 tibi,
2597 885 2646 932 et
2666 877 2876 932 monebo
2902 877 3275 940 candelabrum
3297 887 3454 944 tuum

1859 976 1925 1032 de
1947 976 2062 1030 loco
2086 989 2204 1040 suo,
2239 973 2340 1028 nisi
2371 971 2726 1044 pauitantiam
2753 973 2939 1044 egeris.
2979 971 3120 1040 Quid
3150 975 3235 1032 est
3259 973 3452 1042 impma-

1860 1069 2056 1125 nitenti
2095 1061 2296 1134 dicere,
2337 1067 2486 1122 uenio
2517 1065 2630 1132 tibi,
2675 1063 2781 1121 nisi
2807 1067 3154 1134 praesentiam
3197 1065 3294 1122 ira:
3315 1077 3452 1125 meae

1862 1161 2066 1216 sentire
2091 1167 2142 1215 te
2187 1157 2430 1214 faciam?
2473 1159 2540 1214 Et
2567 1159 2693 1229 quia
2722 1159 2946 1230 angelus
2969 1167 3027 1215 et
3063 1159 3454 1216 candelabrum

1861 1265 1960 1322 per
1979 1249 2432 1322 signiﬁcationem
2459 1265 2628 1306 unum
2651 1257 2799 1316 sunt,
2843 1245 2976 1321 quid
2997 1258 3082 1306 est
3107 1251 3310 1316 dicere,
3336 1259 3454 1306 mo-

1863 1341 1983 1398 vebo
2011 1339 2383 1396 candelabrum
2409 1349 2558 1404 tuum
2597 1341 2662 1394 de
2683 1339 2798 1402 loco
2826 1351 2946 1407 suo,
2975 1340 3082 1397 nisi
3103 1341 3334 1398 movebo
3357 1341 3456 1397 te?

1862 1435 1956 1490 ubi
1983 1449 2090 1489 non
2125 1441 2270 1490 totus
2289 1432 2534 1505 angelus,
2561 1432 2656 1488 sed
2686 1445 2812 1503 pars
2836 1432 2956 1503 eius
2983 1432 3328 1504 impaenitens
3357 1433 3456 1489 de-

1862 1525 1956 1581 bet
1983 1524 2233 1596 intelligi,
2265 1523 2419 1594 cuius
2447 1524 2598 1580 locus
2619 1532 2704 1580 est
2739 1523 2999 1580 Ecclesia.
3031 1524 3166 1586 Nam
3192 1526 3320 1596 quia
3345 1539 3458 1582 non

1865 1629 2034 1684 genus
2059 1615 2156 1670 sed
2182 1614 2420 1686 speciem
2447 1615 2504 1670 in
2528 1614 2722 1685 angelo
2753 1615 2946 1686 tangit,
2979 1616 3098 1671 ideo
3124 1613 3302 1672 locum
3335 1631 3458 1686 spo-

1865 1709 1968 1766 ciei
1993 1709 2048 1764 in
2073 1723 2274 1780 genere
2307 1707 2564 1764 ostendit.
2619 1707 2688 1762 Et
2729 1707 3025 1764 notandum
3055 1711 3182 1779 quia
3221 1721 3328 1765 non
3355 1710 3458 1779 ait,

1863 1799 2145 1872 projiciam
2167 1839 2184 1866 ,
2233 1799 2331 1860 sed
2379 1799 2590 1855 monebo
2615 1839 2630 1865 ,
2679 1800 2974 1860 ostendens
3024 1801 3460 1872 impmnitentem

192 1901 298 1956 qua:
321 1899 422 1956 per
451 1883 700 1956 angelum
723 1883 1144 1941 demonstratur.
1172 1883 1232 1938 ln
1260 1896 1368 1952 quo
1391 1879 1580 1951 angulo
1601 1878 1763 1936 mOdO
1790 1875 1840 1938 Β
1863 1892 2103 1962 quandiu
2129 1891 2184 1946 in
2213 1892 2316 1946 hac
2341 1891 2453 1945 vita
2491 1898 2762 1956 versatur,
2807 1901 3149 1962 nequaquam
3171 1895 3240 1948 ab
3263 1892 3460 1948 Eccle-

189 1993 346 2040 totum
371 1981 670 2040 electorum
699 1995 920 2051 corpus,
949 1977 1094 2048 quod
1119 1992 1188 2038 ex
1217 1975 1420 2032 sanctis
1445 1973 1762 2044 prmdicato—

191 2076 328 2132 ribus
361 2083 420 2132 et
445 2075 602 2130 bonis
631 2073 970 2136 auditoribus
995 2077 1230 2137 constat,
1275 2067 1548 2139 praeconio
1589 2065 1765 2122 laudis

187 2167 478 2233 attollitur;
531 2166 690 2222 modo
736 2163 898 2220 etiam
943 2178 1071 2232 pars
1118 2159 1426 2232 specialiter
1457 2165 1680 2214 notatur
1707 2157 1766 2211 iit

188 2260 356 2315 malis.
407 2258 548 2326 Quid
574 2258 740 2327 igitur
763 2266 848 2311 est
873 2254 1160 2320 Dominum
1191 2251 1608 2320 Redemptorem
1637 2246 1766 2303 stel-

183 2351 260 2405 las
286 2349 341 2404 in
371 2349 594 2404 dextera
625 2354 830 2410 tenere,
881 2343 986 2398 nisi
1027 2342 1230 2408 electos
1257 2355 1385 2396 suos
1413 2340 1468 2394 in
1491 2336 1766 2410 prosperi-

180 2439 308 2494 tatis
329 2435 660 2498 beatitudine
687 2433 1100 2506 prsedestinatns
1127 2431 1370 2498 habere?
1413 2429 1552 2498 Quid
1583 2436 1767 2484 autem

177 2539 263 2588 est
283 2529 534 2586 endem
563 2529 619 2584 in
650 2525 828 2583 medio
851 2524 1298 2584 candelabrornm
1325 2522 1626 2589 ambulare,
1661 2520 1768 2586 nisi

177 2621 474 2693 unicuique
491 2628 804 2682 sanctorum
829 2619 1060 2691 gratiam
1085 2619 1350 2674 donorum
1377 2614 1652 2687 largiendo
1671 2627 1770 2686 per.

177 2715 450 2770 internum
496 2712 874 2769 discretionem
921 2710 1121 2781 ubique
1165 2715 1489 2780 praesentem
1537 2707 1768 2764 adesse?

177 2805 333 2873 Quod
373 2804 422 2861 si
443 2819 542 2876 per
575 2803 760 2860 stellas
787 2811 844 2860 et
869 2801 1194 2866 candelabra
1225 2811 1400 2866 totum
1439 2815 1639 2870 corpus
1661 2799 1768 2855 Ec-

175 2897 359 2954 clesiae
401 2896 728 2966 accipimus,
763 2895 910 2966 quod
951 2907 1020 2948 ex
1047 2893 1236 2950 electis
1277 2901 1334 2948 et
1360 2891 1608 2962 reprobis
1639 2905 1770 2947 con-

175 2999 322 3056 stat;
373 3003 476 3060 per
499 2989 778 3044 dexteram
811 2988 1016 3045 Christi
1055 2987 1289 3058 potentia
1332 2987 1632 3044 divinitatis
1653 2986 1798 3057 ejus-

169 3083 525 3156 intelligenda
549 3090 652 3150 est,
679 3097 843 3154 quam
865 3082 1047 3138 nullus
1073 3089 1254 3152 potest
1277 3081 1528 3148 evadere,
1558 3080 1682 3152 quia
1717 3081 1772 3135 in

168 3191 337 3232 manu
368 3175 492 3246 ejus
516 3184 642 3231 sunt
667 3193 856 3234 omnes
885 3176 1020 3232 lines
1045 3184 1205 3232 teme
1229 3193 1244 3244 ;
1289 3175 1380 3248 qui
1411 3175 1552 3232 inter
1573 3169 1771 3232 cande-

163 3269 320 3328 labra
373 3269 658 3337 ambulat,
696 3269 874 3340 iustos
913 3270 1204 3334 visitando,
1247 3277 1303 3324 et
1345 3267 1571 3338 iniustos
1611 3268 1768 3324 dese-

163 3363 360 3418 rendo.
391 3361 582 3432 Opera
606 3368 806 3428 autem,
839 3367 894 3416 et
929 3347 1202 3426 laborem,”
1221 3369 1276 3415 et
1303 3353 1622 3430 patientiam
1646 3373 1772 3416 san-

161 3465 382 3512 ctorum
415 3469 484 3512 se
507 3452 768 3510 Dominus
811 3455 954 3510 scire
981 3453 1250 3525 perbibet,
1303 3455 1404 3509 hoc
1429 3461 1512 3510 est
1539 3467 1638 3526 per
1662 3452 1772 3510 ele-

159 3548 364 3604 ctionis
391 3544 632 3618 gratiam
656 3545 975 3616 approbare.
1018 3543 1126 3601 Sed
1152 3559 1278 3600 ecce
1306 3545 1374 3599 ad
1403 3544 1776 3602 lnﬁrmantem

153 3637 476 3710 specialem
499 3635 745 3708 corporis
769 3643 982 3716 partem
1011 3651 1194 3694 sermo
1217 3635 1450 3692 recurrit
1485 3649 1611 3692 cum
1642 3637 1772 3693 sub-

155 3731 316 3789 ditur
338 3747 356 3787 :
777 3729 786 3734 ’

227 3825 308 3880 Et
337 3824 478 3898 quia
505 3827 762 3902 sustinere
793 3841 898 3900 non
938 3827 1088 3882 vales
1111 3825 1298 3882 malos.
1336 3823 1454 3882 Non
1483 3825 1628 3881 enim
1653 3825 1774 3882 lau-

153 3917 267 3990 dis,
314 3911 422 3974 sed
455 3933 665 3988 magnae
707 3917 1040 3990 inﬁrmitatis
1071 3915 1266 3973 indicia
1310 3923 1477 3984 sunt,
1524 3916 1774 3988 angelum

149 4009 342 4066 malos
375 4009 656 4064 sustinere
679 4024 786 4063 non
815 4023 992 4076 posse.
1023 4009 1092 4062 Et
1120 4009 1416 4062 notandum
1444 4007 1572 4077 quia
1599 4006 1776 4063 eidem

148 4100 364 4173 angelo
385 4095 625 4153 inferius
643 4097 802 4153 dicit:
831 4095 1356 4172 Sustinuistipropter
1377 4113 1562 4152 nomen
1583 4115 1776 4167 meum,

147 4191 312 4264 quod
349 4189 497 4245 huic
521 4187 643 4245 loco
686 4188 1018 4266 contrarium
1057 4173 1164 4266 non
1197 4199 1302 4256 est,
1331 4192 1456 4260 quia
1481 4191 1532 4245 in
1556 4207 1663 4247 uno
1698 4192 1779 4246 in-

145 4283 438 4347 ﬁrmitas,
489 4278 546 4334 in
574 4277 745 4356 altero
787 4281 1154 4336 membrorum
1179 4281 1406 4338 ﬁrmitas
1436 4283 1777 4340 demonstra-

143 4381 266 4430 tur.
317 4373 404 4428 Et
434 4371 656 4426 tentasti
699 4387 786 4426 eos
832 4371 922 4446 qui
948 4389 1004 4426 se
1035 4372 1216 4428 dicunt
1261 4391 1370 4429 esse
1407 4375 1668 4446 apostolos
1687 4417 1701 4443 ,
1730 4383 1780 4432 et

135 4481 258 4522 non
289 4472 464 4530 sunt,
513 4469 564 4517 et
590 4461 828 4518 invenisti
857 4457 958 4538 eos
1001 4465 1295 4536 mendaces.
1343 4465 1640 4534 Pullulasse
1664 4484 1779 4524 cre-

1861 1982 1946 2040 sia
1966 1981 2210 2038 funditus
2235 1981 2436 2048 avelli;
2467 1981 2562 2038 sed
2599 1982 2799 2038 donum
2827 1979 3154 2048 sanctitatis,
3199 1997 3306 2052 quo
3333 1992 3464 2039 ante

1862 2075 2128 2146 humanos
2147 2071 2334 2129 oculos
2359 2073 2594 2140 lucebat,
2621 2081 2846 2146 propter
2863 2089 2958 2130 cor
2981 2073 3330 2144 imposnitens
3352 2093 3463 2134 non

1863 2161 2086 2220 mereri.
2141 2161 2358 2217 Movere
2403 2171 2588 2216 autem
2620 2161 2884 2218 Dominus
2921 2165 3304 2220 candelabrum
3329 2166 3467 2222 dici-

1864 2261 1978 2320 tur,
2018 2253 2076 2312 id
2109 2261 2194 2309 est
2219 2267 2326 2309 non
2353 2261 2615 2320 statuere,
2665 2254 2808 2310 sicut
2834 2265 2932 2310 cor
2975 2253 3276 2312 Pharaonis
3305 2257 3465 2312 indu-

1868 2359 2010 2402 rare.
2054 2344 2280 2413 Quando
2303 2345 2466 2418 igitur
2499 2345 2732 2418 quisque
2773 2347 2981 2403 crimen
3028 2349 3288 2417 admittit,
3333 2358 3468 2406 tunc

1867 2439 1924 2496 in
1967 2445 2264 2508 conspectu
2306 2438 2587 2494 hominum
2633 2446 2882 2495 movetur
2907 2439 3295 2497 candelabrum
3319 2441 3463 2514 ejus,

1867 2531 1960 2602 qui
1983 2531 2030 2586 si
2053 2531 2164 2586 cito
2183 2543 2282 2600 per
2305 2529 2682 2601 pmnitentlam
2705 2531 3025 2598 surrexerit,
3054 2531 3180 2602 quia
3197 2533 3253 2588 in
3273 2533 3468 2590 eodem

1867 2624 1988 2681 loco
2045 2623 2474 2682 misericorditer
2537 2625 2832 2682 collocatur
2860 2667 2874 2694 ,
2921 2633 2976 2682 et
3028 2629 3098 2684 ob
3145 2629 3249 2686 hoc
3308 2629 3468 2687 multi

1869 2723 2016 2770 stant
2043 2715 2098 2770 in
2123 2723 2420 2785 conspectu
2465 2715 2562 2770 Doi
2587 2751 2602 2780 ,
2647 2717 2740 2785 qui
2769 2705 2824 2771 in
2855 2705 3148 2788 conspectu
3181 2719 3466 2776 hominum

1861 2806 2043 2876 jacere
2065 2807 2336 2863 videntur.
2375 2806 2517 2862 Dicit
2541 2821 2692 2878 ergo,
2717 2807 2925 2862 movebo
2947 2795 3057 2865 cito
3084 2809 3464 2866 candelabrum

1871 2909 2020 2954 tuum
2064 2899 2128 2954 de
2172 2898 2287 2953 loco
2335 2915 2464 2964 suo,
2508 2899 2612 2954 nisi
2659 2900 3037 2978 pmnitentiam
3071 2903 3270 2974 egeris,
3303 2903 3356 2958 id
3382 2911 3468 2972 est

1870 2995 2067 3052 munus
2093 2994 2400 3050 sanctitatis
2425 2999 2546 3065 post
2575 2993 2788 3064 lapsum
2818 3007 2923 3050 non
2955 2995 3208 3068 recipies,
3241 2995 3346 3068 nisi
3371 3011 3469 3052 cor

1871 3089 1940 3144 ad
1961 3086 2338 3160 pmnitentiam
2369 3085 2614 3141 emollire
2642 3087 2941 3158 curaveris.
3073 3075 3084 3084 ’

1941 3177 2106 3238 Vens.
2133 3177 2188 3235 6.
2213 3207 2285 3220 --
2313 3177 2420 3234 Sed
2446 3177 2544 3234 hoc
2564 3177 2742 3246 habes,
2773 3169 2914 3250 quod
2944 3177 3100 3248 odisti
3129 3177 3270 3250 facta
3299 3177 3461 3233 Nico-

1873 3271 2146 3338 laitarum,
2178 3287 2294 3343 quae
2317 3280 2365 3326 et
2395 3285 2486 3342 ego
2519 3269 2608 3324 odi
2631 3287 2650 3336 ;
2691 3285 2754 3325 ac
2780 3259 2824 3324 si
2849 3265 3136 3324 universali
3167 3269 3356 3340 angelo
3383 3269 3470 3324 di-

1873 3373 2090 3422 ceretur
2117 3383 2129 3418 :
2161 3361 2278 3420 Non
2310 3363 2362 3418 in
2390 3357 2452 3417 ea
2480 3353 2681 3433 specie,
2712 3375 2874 3432 quam
2905 3375 3047 3416 nunc
3077 3349 3269 3426 terrui,
3297 3359 3392 3416 sed
3411 3361 3470 3416 in

1873 3453 1978 3510 alia
2005 3453 2110 3510 hoc
2137 3453 2329 3520 habes,
2373 3453 2498 3524 quia
2524 3447 2682 3507 odisti
2708 3451 2851 3522 facta
2888 3437 3302 3522 Nicolaitarunt,
3348 3467 3468 3523 qua:

1871 3555 1922 3602 et
1945 3561 2038 3618 ego
2066 3545 2172 3600 odi.
2214 3545 2344 3613 Quae
2386 3551 2512 3600 sunt
2541 3549 2720 3600 autem
2751 3541 3005 3622 specialia
3038 3541 3182 3600 facta
3225 3533 3468 3599 Nicolai-

1873 3643 2052 3692 tarum
2079 3675 2095 3702 ,
2149 3629 2342 3710 beatus
2383 3633 2719 3705 Augustinus
2761 3631 2816 3688 in
2861 3629 3002 3690 libro
3049 3635 3116 3690 de
3158 3631 3472 3706 Hmresibus

1874 3727 2110 3784 ostendit
2135 3727 2360 3783 dicens:
2409 3743 2429 3778 ι
2467 3721 2744 3792 Nicolaus,
2777 3733 2839 3780 ut
2871 3725 3066 3798 fertur,
3111 3741 3252 3781 unus
3280 3723 3380 3798 fuit
3406 3741 3476 3782 ex

1876 3820 1984 3874 ilis
2012 3827 2220 3888 septem
2249 3817 2565 3888 diaconlbus
2614 3817 2705 3885 qui
2741 3815 2976 3871 ordinati
3006 3823 3133 3872 sunt
3160 3817 3228 3872 ab
3255 3825 3476 3888 aposto-

1875 3909 1964 3975 lis,
1995 3909 2218 3978 quique,
2245 3921 2366 3960 cum
2393 3907 2510 3961 zelo
2535 3903 2918 3976 pulcherrima:
2950 3904 3193 3977 conjugis
3222 3899 3473 3980 culpare-

1873 4006 1988 4064 tm,
2031 3996 2296 4070 purgandi
2326 4009 2384 4066 se
2410 4011 2576 4052 causa
2604 3997 2922 4068 permisisse
2966 3995 3141 4053 fertur
3168 4007 3226 4053 ut
3265 4013 3352 4066 ea,
3379 3999 3475 4074 qui

1877 4089 2062 4157 vellet,
2089 4099 2358 4166 uteretur,
2387 4093 2530 4162 quod
2572 4091 2690 4164 ejus
2719 4091 2920 4148 factum
2950 4093 3004 4158 in
3031 4103 3236 4158 sectam
3271 4083 3476 4161 turpis-

1880 4179 2071 4237 simam
2098 4195 2314 4238 versum
2341 4190 2443 4248 est,
2492 4195 2598 4252 qua
2627 4181 2804 4253 placet
2828 4197 2960 4238 usus
2981 4181 3293 4239 indifferens
3317 4183 3478 4239 femi-

1879 4291 2092 4333 narum.
2128 4275 2440 4333 Sectatores
2462 4261 2792 4358 etiam'ejus,
2823 4291 2926 4333 nec
2965 4279 3032 4334 ab
3060 4277 3146 4333 his
3174 4293 3294 4348 qua:
3316 4277 3477 4336 idolis

1880 4372 2228 4428 immolantur
2247 4372 2492 4436 dividunt
2513 4373 2664 4432 cibos
2690 4387 2837 4428 suos.
2871 4391 2890 4424 ι
2920 4371 3260 4450 Generaliter
3287 4381 3472 4428 autem

1881 4479 2069 4520 omnes
2111 4463 2352 4520 haeretici
2378 4463 2654 4520 Nicolaitzc
2681 4471 2827 4521 sunt.
2857 4459 3110 4522 Nicolaus
3135 4464 3277 4519 enim
3306 4465 3478 4520 inter-

139 4559 413 4614 dendum
451 4563 550 4658 est
567 4561 695 4611 tunc
721 4557 776 4610 in
797 4555 998 4626 Ephesi
1017 4557 1261 4616 Ecclesia
1293 4559 1457 4618 falsos
1485 4563 1778 4654 apostolos,
1804 4595 1862 4658 D
1883 4565 2127 4628 pretatur
2149 4557 2345 4613 stultus
2367 4558 2614 4630 populus.
2645 4557 2960 4646 Quicunque
2987 4557 3150 4634 igitur
3177 4555 3243 4612 de
3269 4557 3476 4628 sapien-

130 4667 290 4724 qnos
319 4652 494 4708 idem
521 4646 756 4726 Joannes
782 4649 838 4704 in
863 4651 1088 4722 epistola
1111 4669 1206 4722 sua
1233 4655 1582 4714 antichristos
1599 4645 1780 4726 vocat,

131 4744 196 4802 in
255 4757 532 4822 quorum
577 4757 810 4813 persona
856 4731 1097 4824 omnium
1137 4745 1516 4824 haereticorum
1557 4750 1784 4820 perﬁdia

125 4835 413 4894 notatur.
483 4833 742 4892 Tentatio
767 4823 946 4892 autem
988 4823 1282 4910 aliquando
1302 4841 1370 4895 ad
1411 4843 1784 4918 probationem

121 4930 408 5000 pertinet
437 4966 458 4993 ,
515 4933 576 4980 ut
619 4925 787 4982 illud:
839 4927 1024 4998 Tentat
1054 4947 1142 4986 vos
1168 4931 1409 4996 dominus
1452 4933 1594 4990 Deus
1625 4913 1788 4992 vester

120 5023 338 5093 (Deut.
395 5031 518 5084 xv,
547 5017 625 5089 5).
675 5017 919 5074 Ecclesia
959 5035 1088 5092 ergo
1118 5021 1284 5090 falsos
1323 5007 1518 5094 tentat,
1567 5043 1691 5084 cum
1729 5029 1787 5086 in

115 5107 641 5187 praedicatoribus
667 5109 954 5184 hantin
1103 5113 1207 5169 ﬁde
1235 5101 1557 5190 interrogat,
1579 5099 1786 5182 'utrum

109 5207 444 5280 veritatis,
503 5215 580 5256 an
621 5200 888 5258 mendacii
917 5203 1027 5258 sint
1071 5203 1337 5276 discipuli.
1367 5207 1555 5286 (vitae.
1585 5191 1680 5282 δ.)
1715 5211 1786 5284 Et

107 5299 496 5376 patientiam
531 5294 714 5361 habes,
749 5303 798 5350 et
823 5296 1118 5351 sustinuisti
1142 5307 1351 5378 propter
1377 5285 1565 5376 nomen
1589 5319 1785 5376 meum,

105 5413 216 5451 nec
248 5389 573 5472 defecisti.
621 5385 746 5446 llaec
785 5389 911 5460 quia
939 5389 1226 5448 manifesta
1269 5402 1394 5470 sunt
1425 5403 1784 5470 transeamus.

105 5487 342 5556 (Vsus.
401 5481 510 5552 4.)
557 5479 666 5536 Sed
703 5480 865 5536 habeo
912 5481 1160 5554 adversus
1201 5495 1249 5544 te
1293 5487 1434 5560 quod
1478 5489 1788 5558 alacritatem

97 5587 285 5633 tuam
327 5574 608 5649 primam
652 5573 928 5648 reliquisti.
979 5574 1165 5648 (Vnus.
1197 5573 1278 5650 5.)
1315 5577 1518 5648 Memor
1544 5592 1651 5642 esto
1680 5583 1786 5638 ita-

95 5685 220 5739 que
267 5665 452 5722 unde
507 5665 807 5733 excideris,
854 5675 906 5720 et
952 5685 1048 5750 age
1089 5671 1478 5742 paenitentiam,
1524 5683 1574 5730 et
1616 5677 1794 5750 prima

92 5775 296 5830 opera
333 5755 478 5828 fac.
541 5752 700 5810 Absit
723 5765 784 5812 ut
819 5757 866 5814 is
890 5759 1120 5832 primum
1151 5763 1470 5840 charitatem
1503 5765 1789 5840 reliquisse

93 5851 452 5917 credatur,
494 5859 672 5918 quem
715 5847 769 5905 in
793 5853 1112 5924 praecedenti
1147 5855 1414 5915 versiculo
1453 5865 1606 5917 tanta
1631 5857 1798 5919 laude

1886 4649 1958 4704 tia
1985 4647 2184 4730 Patris,
2221 4663 2340 4726 quae
2365 4660 2446 4706 est
2469 4648 2662 4724 Filius,
2689 4667 2817 4704 vera
2842 4643 2948 4724 non
2977 4653 3238 4722 sentiunt,
3265 4653 3368 4710 etsi
3395 4669 3477 4710 sa-

1885 4742 2094 4811 pientes
2119 4741 2229 4820 sint
2263 4743 2489 4810 sreculo,
2522 4743 2817 4798 secundum
2845 4737 3014 4818 Deum
3047 4743 3243 4816 stultos
3270 4761 3327 4800 se
3352 4761 3477 4802 esse

1887 4834 2280 4910 demonstrant.
2331 4831 2638 4892 Invenimus
2666 4841 2720 4888 et
2765 4835 2819 4908 in
2857 4831 3095 4906 Ecclesia
3133 4837 3468 4908 Nicolaitas;

1885 4939 1981 4980 eos
2009 4923 2234 4991 scilicet,
2282 4939 2418 4996 quos
2442 4925 2605 4980 stulte
2635 4925 2688 4980 in
2733 4933 2950 4992 terreno
2995 4944 3179 4997 amore
3208 4927 3475 4985 thesauri-

1888 5031 2018 5072 zare
2038 5017 2300 5082 videmus.
2334 5015 2642 5072 Notandum
2665 5017 2918 5090 denique,
2944 5019 3074 5092 quia
3103 5036 3208 5076 non
3233 5019 3330 5088 ait,
3361 5021 3476 5078 odi-

1888 5109 1956 5165 sti
1982 5097 2274 5172 Nicolaitas
2295 5153 2308 5176 ,
2341 5111 2436 5166 sed
2465 5109 2607 5182 facta
2641 5107 3054 5180 Nicolaitarum,
3086 5113 3210 5182 quia
3237 5130 3346 5184 non
3378 5129 3475 5170 na-

1889 5208 2088 5268 turam,
2135 5215 2255 5278 qua:
2301 5201 2440 5257 bona
2482 5202 2537 5262 in
2581 5201 2686 5276 illis
2717 5213 2900 5272 creata
2941 5211 3056 5272 est,
3114 5206 3208 5270 sed.
3235 5206 3474 5278 pessima

1888 5288 2032 5347 facta
2074 5287 2356 5366 Dominus,
2391 5299 2446 5354 et
2489 5293 2582 5374 qui
2608 5307 2676 5366 ex
2715 5301 2870 5370 parte
2908 5283 3058 5364 illius
3101 5303 3250 5364 sunt,
3298 5295 3352 5362 in
3391 5299 3474 5352 eis

1888 5383 2069 5441 odisse
2099 5384 2421 5472 probantur.

1957 5499 2125 5564 Vens.
2155 5498 2211 5554 7.
2235 5527 2310 5539 —-
2335 5498 2438 5568 Qui
2463 5497 2616 5566 habet
2653 5513 2836 5562 aurem
2870 5499 3060 5570 audiat
3091 5500 3218 5576 quid
3241 5499 3480 5576 Spiritus

1888 5585 2030 5658 dicat
2058 5587 2338 5664 Ecclesiis.
2361 5579 2498 5648 Hoc
2526 5590 2668 5662 dicto
2693 5590 2976 5664 evidenter
2996 5593 3234 5664 ostendit
3264 5593 3394 5666 quia
3417 5593 3478 5648 in

1887 5695 1996 5748 una
2019 5677 2376 5752 Ephesiorum
2407 5669 2670 5760 Ecclesia,
2709 5679 3116 5760 universitatem
3141 5684 3478 5750 credentium

1889 5775 2314 5856 comprehendit.
2345 5771 2522 5834 Aures
2561 5789 2694 5840 vero
2855 5778 3120 5852 emis,
3165 5779 3264 5844 sed
3291 5777 3480 5842 cortis

1889 5867 2158 5938 requirit;
2192 5865 2350 5940 juxta
2377 5864 2546 5922 illud:
2597 5863 2752 5924 Vobis
2780 5867 2898 5924 dico
2922 5907 2939 5938 ,
2976 5869 3068 5944 qui
3094 5869 3311 5926 auditis.
3367 5866 3488 5934 Sed
