4088 6330
612 396 752 462 1103

1436 401 1626 457 .B..F.
1664 400 1892 457 ALBlNl
1931 400 2063 456 SEU
2102 397 2379 457 ALCUIN]
2416 397 2699 455 OPERUM
2737 396 2916 454 PARS
2952 397 3017 453 ll.

3744 395 3878 453 MM

609 535 735 575 cum
761 515 984 589 angelus
1005 514 1312 586 specialiter
1332 512 1456 567 Filii
1474 526 1761 582 personam
1786 513 2036 584 gesserit,
2063 512 2191 581 quid
2220 517 2277 579 Α,
2293 512 2397 567 ista
2424 510 2771 577 conveniunt,
2796 511 2888 580 qui
2911 509 3049 565 l‘also
3077 508 3179 565 sibi
3205 506 3543 576 Iudaeorum,
3566 506 3626 565 id
3644 514 3732 565 est
3756 525 3881 567 eon-

610 614 717 671 sibi
744 613 859 668 vult
878 613 1022 683 quod
1046 626 1152 665 non
1175 609 1395 674 dicitur,
1446 608 1576 677 quid
1604 608 1700 662 Dei
1731 607 1919 673 Filius,
1951 607 2046 662 sed
2066 605 2191 677 quid

611 705 844 776 Spiritus
883 704 1024 758 dicat
1068 699 1368 756 Ecclesiis?
1414 699 1518 754 nisi
1565 700 1691 768 quia
1738 698 1805 753 ad
1850 697 2194 755 instruendos

611 813 792 855 mores
814 798 1076 857 humanos
1108 794 1275 849 verba
1300 792 1444 857 Filii,
1481 790 1716 863 Spiritus
1736 792 1898 847 verba
1927 799 2070 846 sunt.
2099 788 2195 844 Vel

610 908 721 947 non
750 888 1054 961 specialiter
1083 886 1317 956 Spiritus
1339 885 1510 941 sancti
1541 899 1791 955 persona,
1818 883 1912 939 sed
1938 890 2052 938 tota
2076 880 2195 935 Tri-

609 983 755 1037 nitas
789 981 843 1035 in
869 968 1075 1048 Spiritu
1099 977 1413 1047 accipienda
1438 983 1539 1032 est.
1580 973 1815 1030 Vincenti
1832 974 1968 1029 dabo
1988 971 2196 1028 eiedere

607 1073 675 1127 de
696 1072 837 1143 ligno
875 1072 1012 1135 vitae,
1040 1070 1179 1142 quod
1205 1078 1280 1124 est
1310 1069 1363 1124 in
1390 1069 1638 1139 paradiso
1676 1070 1773 1123 Dei
1797 1069 1919 1123 mei.
1966 1066 2195 1137 Ligntuu

607 1161 1033 1232 vitaasapientia
1069 1162 1165 1217 Dei
1188 1159 1367 1216 Patris
1387 1168 1491 1227 est,
1512 1162 1668 1230 juxta
1698 1158 1827 1214 illud
1858 1157 2193 1214 Salomonis:

605 1255 806 1311 Beatus
867 1254 1029 1309 homo
1083 1253 1172 1326 qui
1221 1253 1412 1309 invenit
1458 1252 1768 1323 sapientiam
1814 1250 2019 1322 lignum
2072 1249 2196 1304 vitae

608 1349 800 1412 (Eccli.
835 1349 1110 1418 xxv,ll5),
1143 1357 1199 1404 et
1223 1347 1449 1418 reliqua.
1482 1346 1551 1401 Et
1577 1354 1699 1416 apte
1722 1345 1926 1415 lignum
1952 1345 2078 1400 vita:
2102 1359 2197 1399 vo-

608 1451 785 1505 catur,
824 1443 951 1510 quia
988 1440 1043 1494 in
1083 1440 1338 1510 praesenti
1382 1439 1582 1494 electos
1612 1453 1738 1493 suos
1763 1438 1832 1493 ab
1860 1443 1993 1493 testu
2036 1435 2196 1490 vitio-

611 1549 731 1588 rum
764 1533 1018 1603 protegit,
1052 1540 1108 1586 et
1132 1531 1187 1586 in
1212 1530 1394 1586 futura
1419 1530 1750 1585 beatitudine
1775 1529 1954 1584 cibum
1980 1536 2196 1583 aeternae

608 1626 1080 1695 contemplationis
1106 1640 1166 1680 se
1195 1624 1625 1679 desiderantibus
1653 1621 1894 1692 praebet;
1946 1621 2089 1676 unde
2113 1627 2198 1675 est

610 1715 744 1771 illud
771 1735 785 1769 :
820 1715 1070 1771 Satiabor
1095 1716 1222 1770 dum
1268 1713 1705 1770 manifestabitur
1732 1713 1866 1769 mihi
1896 1712 2064 1784 gloria
2105 1721 2197 1766 tua

608 1807 784 1880 (Psal.
816 1826 930 1875 χιι,
956 1809 1065 1868 l5).
1108 1807 1211 1877 Qui
1247 1824 1376 1880 ergo
1403 1808 1617 1875 vicerit,
1645 1808 1699 1863 id
1722 1816 1806 1862 est
1833 1807 1926 1877 qui
1955 1806 2009 1861 in
2034 1805 2194 1862 Chri-

2296 600 2590 668 ﬁtentium,
2621 617 2818 659 nomen
2843 610 3146 658 assumunt.

2366 694 2528 750 Vsus.
2569 694 2656 749 10.
2689 723 2762 735 —-
2792 692 2942 748 Nihil
2967 694 3154 748 horum
3175 694 3360 750 timeas
3386 711 3507 766 qua
3526 710 3783 766 passurus
3808 713 3899 752 ts.-

2293 783 2452 840 Juxta
2481 785 2613 841 illud
2638 785 3008 858 evangelicum
3033 805 3049 840 :
3090 785 3271 841 Nolite
3299 786 3484 845 timere
3502 804 3591 843 eos
3628 788 3723 860 qui
3747 789 3882 843 occi-

2294 877 2428 935 dunt
2473 894 2660 949 corpus
2681 918 2697 944 ,
2740 879 2972 934 animam
3016 885 3192 932 autem
3235 895 3338 933 non
3386 890 3607 950 possunt
3655 881 3882 937 occidere

2296 968 2513 1042 (Matth.
2546 986 2602 1037 ι,
2632 969 2747 1039 28).
2788 969 2925 1025 Ecce
2959 971 3217 1026 missurus
3246 980 3321 1026 est
3362 971 3604 1028 diabolus
3649 990 3717 1028 ea:
3752 974 3882 1028 vobis

2293 1059 2349 1114 in
2375 1078 2658 1128 carcerem,
2704 1060 2765 1115 ἰιι
2795 1062 3093 1128 tentemini,
3129 1071 3176 1116 et
3200 1061 3454 1117 habebitis
3496 1063 3880 1119 tribulationem

2294 1134 2476 1205 diebus
2524 1151 2721 1206 decem.
2777 1150 2877 1207 Hic
2913 1152 3118 1223 liquido
3165 1154 3488 1220 ostenditur,
3541 1154 3789 1211 diversas
3831 1157 3879 1210 in

2294 1257 2404 1297 uno
2439 1243 2630 1314 angelo
2673 1258 2933 1314 personas
2978 1243 3200 1315 alloqui.
3252 1242 3388 1300 Cum
3428 1246 3577 1300 enim
3606 1245 3878 1317 Singulari

2294 1349 2523 1391 numero
2548 1336 2892 1406 praemiserit,
2929 1337 3131 1405 timeas,
3176 1338 3371 1409 plurali
3400 1338 3584 1394 intulit
3606 1356 3680 1395 ea:
3703 1340 3880 1407 vobis;

2295 1433 2350 1482 et
2372 1426 2524 1492 item,
2548 1436 2607 1481 ut
2629 1427 2935 1493 tentemini;
2981 1429 3076 1483 sed
3105 1443 3207 1485 nec
3236 1439 3330 1484 aut
3358 1438 3663 1498 tententur,
3687 1432 3772 1487 vel
3792 1434 3879 1487 ha-

2294 1519 2539 1587 bebunt;
2572 1523 2668 1576 sed
2698 1529 2758 1575 ut
2782 1521 3070 1589 tentemini,
3109 1531 3165 1578 et
3201 1523 3455 1579 habebitis
3475 1538 3495 1576 :
3527 1533 3590 1579 ut
3623 1525 3730 1581 hoc
3752 1525 3879 1580 dicto

2297 1611 2616 1679 insinuaret,
2666 1613 2720 1667 in
2746 1628 2855 1668 uno
2877 1613 3076 1669 multos
3101 1625 3370 1671 constare.
3400 1614 3705 1671 Universas
3733 1617 3878 1686 igitur

2295 1719 2673 1775 pressurarum
2712 1707 2989 1777 angustias
3027 1707 3245 1762 nomine
3282 1708 3525 1764 carceris
3568 1709 3874 1780 designarit.

2297 1795 2451 1863 Quod
2477 1805 2655 1851 autem
2679 1812 2786 1852 non
2812 1798 2911 1863 ait,
2938 1812 3056 1863 vos,
3101 1798 3195 1854 sed
3221 1813 3286 1852 ex
3310 1797 3475 1863 vobis,
3513 1798 3641 1854 illos
3666 1798 3781 1853 vult
3801 1800 3875 1853 in-

608 1912 715 1967 sto,
763 1910 819 1957 et
860 1916 960 1972 per
987 1901 1265 1957 Christum
1293 1901 1503 1971 antiqui
1533 1901 1707 1956 hostis
1735 1904 2070 1954 tentamenta
2098 1913 2191 1953 su—
2224 1885 2271 1947 B
2296 1888 2464 1960 telligi
2494 1890 2587 1959 qui
2610 1905 2680 1946 ex
2707 1889 2873 1945 illatis
2902 1890 3338 1945 tribulationibus
3362 1891 3599 1947 victores
3624 1894 3873 1947 existunt.

607 1992 903 2063 peraverit,
941 1991 1088 2049 dabit
1111 1991 1161 2046 ei
1202 1991 1450 2047 Christus
1475 1990 1769 2046 secundum
1805 1987 2197 2043 humanitatem

609 2097 764 2140 suam
792 2084 951 2139 edere
982 2083 1047 2138 de
1075 2083 1219 2153 ligno
1251 2083 1396 2147 vitm,
1441 2082 1568 2152 quia
1597 2080 1663 2136 ad
1683 2080 1945 2148 judicium
1975 2078 2198 2133 veniens

607 2174 866 2243 perducet
896 2172 962 2226 ad
988 2171 1450 2243 contemplandam
1479 2171 1773 2226 divinitatis
1810 2184 1921 2225 suae
1946 2168 2199 2237 majesta-
2226 2220 2229 2223 λ

608 2274 740 2319 tem.
782 2263 1073 2319 Paradisus
1105 2272 1311 2329 autem,
1358 2264 1415 2318 in
1450 2279 1556 2334 quo
1583 2262 1787 2334 lignum
1808 2271 1892 2317 est
1915 2262 2060 2327 vitae,
2085 2261 2197 2315 vita

608 2365 694 2414 est
719 2364 944 2423 aeterna,
967 2372 1088 2427 quae
1108 2363 1193 2412 est
1215 2357 1268 2411 in
1296 2356 1443 2427 ligno
1467 2356 1612 2410 vitae.
1642 2355 1709 2409 Et
1728 2361 1854 2409 nota
1878 2354 2004 2423 quia
2031 2353 2199 2407 Deum

610 2463 671 2504 se
716 2449 919 2503 habere
953 2446 1129 2513 dicit,
1179 2447 1473 2503 secundum
1515 2445 1903 2500 humanitatem
1949 2443 2196 2514 loquens,

610 2555 776 2610 quam
800 2554 903 2610 pro
937 2540 1093 2596 nobis
1123 2538 1433 2608 assumpsit.
1481 2538 1751 2593 Praaterea
1780 2537 1908 2606 quia
1936 2537 2079 2591 hunc
2102 2552 2199 2591 an-

612 2630 791 2702 gelum
834 2630 1032 2701 partim
1063 2629 1284 2694 laudat,
1332 2628 1527 2698 partim
1552 2629 1855 2699 vituperat,
1904 2631 2227 2685 secundum.

610 2737 769 2776 suum
801 2737 1038 2787 nomen;
1090 2719 1216 2790 quia
1252 2719 1517 2789 Ephesus,
1552 2726 1608 2774 et
1648 2719 1833 2788 lapsus
1864 2734 2110 2790 magnus,
2143 2726 2200 2773 et

611 2811 862 2866 voluntas
890 2826 1014 2867 mea
1042 2808 1262 2866 dicitur.

688 2987 847 3042 Vsus.
890 2985 943 3040 8.
971 3016 1042 3026 --
1072 2984 1141 3040 Et
1183 2985 1366 3056 angelo
1408 2984 1656 3041 Ecclesia:
1702 2985 1945 3058 Smyrna:
1989 2988 2197 3043 scribe:

612 3078 725 3132 htrc
750 3077 878 3131 dicit
905 3076 1127 3145 primus,
1170 3084 1219 3130 et
1256 3075 1587 3141 novissimus,
1614 3078 1704 3148 qui
1732 3077 1831 3148 fuit
1870 3087 2124 3142 mortuus,
2150 3087 2201 3133 et

613 3170 733 3223 vivit
757 3185 776 3233 ;
813 3168 999 3239 (Vens.
1029 3166 1083 3237 9)
1114 3165 1236 3222 Scio
1266 3165 1652 3222 tribulationem
1690 3177 1856 3235 tuam,
1899 3179 1948 3224 et
1977 3186 2201 3241 pauper-

2302 1980 2410 2036 Sed
2434 1981 2566 2052 quid
2609 1982 2713 2037 sibi
2740 1981 2857 2037 vult
2896 1982 3037 2053 quod
3082 1981 3341 2038 Ecclesia:
3368 1983 3771 2040 tribulationem
3798 1986 3882 2040 de.

2299 2086 2417 2127 cem
2442 2072 2650 2127 dierum
2671 2088 2900 2129 numero
2937 2071 3251 2129 concludit?
3300 2073 3403 2128 nisi
3427 2074 3545 2143 quia
3570 2084 3762 2129 contra
3788 2090 3882 2129 va-

2297 2163 2410 2218 rias
2435 2163 2873 2233 persecutionum
2915 2164 3213 2234 passiones,
3261 2171 3439 2217 contra
3459 2164 3695 2219 diversas
3717 2164 3871 2234 alpi—

2297 2253 2527 2309 ditatum
2572 2253 2878 2321 illecebras,
2928 2254 3168 2325 decalogi
3215 2253 3477 2309 mandatis
3501 2255 3718 2310 subdita
3742 2270 3875 2310 con-

2298 2346 2519 2416 ﬂigitur.
2566 2345 2698 2400 Esto
2724 2344 2897 2401 ﬁdelis
2940 2360 3113 2415 usque
3138 2345 3209 2398 ad
3234 2352 3484 2409 mortem,
3513 2354 3567 2399 et
3591 2342 3735 2399 dabo
3772 2344 3873 2399 tibi

2298 2453 2556 2493 coronam
2595 2438 2742 2492 vitae.
2796 2436 2910 2492 Hoc
2944 2435 3268 2507 generaliter
3309 2436 3457 2490 omni
3484 2435 3782 2501 Ecclesia,
3831 2440 3884 2491 et

2299 2528 2607 2601 specialiter
2629 2528 2920 2600 unicuique
2948 2527 3094 2583 ﬁdeli
3130 2528 3349 2583 dicitur.
3378 2526 3520 2583 Hinc
3550 2526 3814 2583 Dominus
3834 2527 3887 2581 in

2298 2620 2631 2692 Evangelio:
2683 2620 2788 2686 Qui
2833 2622 3235 2692 perseveraverit
3280 2637 3445 2692 usque
3489 2621 3544 2674 in
3581 2620 3765 2689 ﬁnem,
3812 2620 3892 2674 hic

2299 2710 2477 2767 salvus
2523 2711 2622 2766 erit
2665 2710 2881 2783 (Matth.
2922 2727 2976 2777 κ,
3020 2711 3132 2782 22).
3182 2710 3367 2782 (Vens.
3419 2709 3535 2774 ll.)
3594 2710 3701 2776 Qui
3747 2710 3891 2765 habet

2226 2822 2229 2825 λ
2299 2819 2483 2858 aurem
2507 2802 2691 2857 audiat
2715 2802 2840 2875 quid
2873 2802 3104 2873 Spiritus
3128 2802 3271 2857 dicat
3305 2801 3560 2857 Ecclesiis
3582 2816 3602 2854 :
3648 2803 3742 2873 qui
3769 2804 3897 2857 sice-

2301 2896 2370 2949 rit
2390 2911 2505 2949 .non
2525 2893 2792 2949 ltedetura
2814 2904 2980 2949 morte
2998 2894 3246 2949 secunda.
3273 2893 3409 2949 Cum
3432 2909 3592 2950 sacra
3611 2892 3895 2964 Scriptura

2294 2993 2413 3040 tres
2438 2992 2641 3040 mortes
2662 2999 2863 3055 ponere
2900 2984 3057 3040 solita
3083 2985 3192 3040 sit:
3240 3000 3406 3040 unam
3434 2985 3647 3040 scilicet
3665 2985 3898 3054 peccati,

2303 3076 2529 3132 alteram
2576 3077 2797 3143 carnis,
2837 3076 3170 3155 aliam’vero
3209 3077 3604 3143 damnationis,
3656 3092 3764 3131 cur
3799 3077 3899 3131 hoc

2303 3168 2423 3224 loco
2451 3167 2639 3223 ultima
2664 3168 2941 3223 damnatio
2985 3182 3093 3223 non
3122 3168 3301 3232 tertia,
3351 3168 3446 3224 sed
3483 3169 3725 3224 secunda
3754 3183 3904 3223 mors

613 3268 813 3324 tatem;
849 3258 939 3312 sed
963 3258 1103 3313 dives
1139 3274 1213 3312 es.
1245 3257 1357 3312 Hoc
1390 3266 1593 3313 tantum
1622 3274 1727 3315 non
1754 3260 1869 3324 uni,
1910 3261 2003 3315 sed
2027 3261 2201 3332 magis
2224 3246 2275 3310 C
2304 3260 2628 3331 appellatur,
2680 3259 2785 3314 nisi
2819 3260 2946 3329 quia
2970 3259 3076 3315 illa:
3100 3260 3189 3315 hic
3214 3260 3341 3330 poni
3371 3260 3628 3315 videntur
3646 3275 3774 3329 qua:
3802 3274 3903 3314 no-

612 3352 806 3406 unitati
836 3358 1147 3405 sanctorum
1178 3350 1396 3415 dicitur,
1444 3366 1674 3420 quorum
1711 3352 1988 3407 tribulatio
2017 3352 2198 3406 multi—
2224 3404 2229 3419 ,

611 3442 737 3515 plex
772 3450 873 3497 est.
912 3442 1064 3498 Unde
1105 3441 1210 3496 alia
1241 3443 1519 3499 translatio
1544 3485 1559 3510 ,
1608 3443 1968 3499 tribulationes
2003 3444 2197 3514 plurali

615 3549 845 3589 numero
881 3533 1079 3602 posuit.
1133 3532 1512 3603 Paupertatem
1548 3549 1679 3589 vero
1705 3535 1973 3601 geminam
2001 3535 2199 3589 intelli-

614 3638 741 3694 gere
756 3624 1056 3690 debemus;
1102 3622 1270 3678 altera
1292 3625 1434 3678 enim
1463 3633 1545 3679 est
1571 3624 1626 3679 in
1653 3634 1988 3680 terrenarum
2016 3640 2196 3679 rerum

612 3716 952 3772 abdicatione
977 3733 992 3781 ;
1027 3715 1195 3771 altera
1240 3716 1295 3769 in
1324 3716 1544 3785 spiritus
1572 3716 1928 3781 contritione,
1977 3731 2083 3787 qua
2108 3732 2199 3771 su-

612 3811 802 3881 perbia
840 3809 1123 3874 minuitur,
1171 3806 1448 3863 humilitas
1482 3816 1748 3879 augetur;
1791 3808 1855 3863 de
1880 3822 1986 3877 qua
2012 3808 2197 3863 Domi-

609 3918 716 3958 nus
745 3902 906 3957 dicit:
949 3900 1101 3955 Beati
1131 3916 1387 3971 pauperes
1417 3899 1603 3971 spiritu
1637 3897 1852 3971 (Matth.
1882 3915 1937 3964 v,
1964 3898 2018 3969 5)
2045 3916 2059 3964 ;
2110 3899 2198 3955 ille

610 3995 756 4051 enim
786 3994 978 4065 spiritu
1000 4006 1210 4063 pauper
1237 3999 1336 4054 est,
1383 3992 1474 4060 qui
1504 4007 1626 4045 cum
1657 3992 1795 4045 bona
1826 3991 1957 4061 agit,
1988 4006 2199 4060 semper

610 4101 669 4141 se
695 4068 941 4141 inutilem
970 4083 1217 4139 attendit.
1264 4081 1486 4138 Dicatur
1514 4082 1731 4152 itaque:
1759 4080 1884 4137 Scio
1912 4090 2199 4152 pauperta-

610 4186 721 4231 tem
752 4185 923 4241 tuam,
962 4175 1052 4230 sed
1098 4174 1237 4228 dives
1262 4191 1356 4237 es;
1396 4189 1459 4229 ac
1486 4173 1529 4227 si
1560 4172 1794 4227 diceret:
1847 4171 2000 4228 Unde
2033 4181 2085 4226 te
2103 4188 2200 4242 per

610 4267 973 4326 humilitatem
1017 4265 1239 4335 spiritus
1272 4278 1562 4334 pauperem
1605 4262 1902 4326 existimas,
1945 4262 2071 4318 inde
2102 4277 2201 4332 per

611 4359 794 4414 omnia
818 4358 967 4413 dives
991 4355 1379 4433 comproba’ris.
1411 4354 1501 4409 Sic
1525 4362 1705 4408 autem
1726 4355 1928 4409 dictum
1958 4363 2041 4410 est
2062 4356 2198 4427 scio,

613 4460 874 4519 tanquam
900 4447 1193 4510 diceretur,
1222 4446 1363 4500 scire
1389 4453 1441 4499 te
1466 4444 1625 4499 facio.
1674 4444 1858 4501 Potest
1881 4448 2045 4501 etiam
2077 4447 2198 4516 qui-
2224 4510 2225 4515 η

613 4540 747 4593 libet
776 4539 981 4593 electus
1013 4536 1131 4590 ideo
1176 4550 1383 4605 pauper
1407 4543 1462 4589 et
1503 4536 1653 4590 dives
1681 4537 1886 4602 vocari,
1932 4540 2057 4607 quia
2091 4555 2200 4595 cm-

2304 3365 2427 3407 cere
2474 3351 2815 3423 probantur?
2869 3351 3013 3408 Mors
3073 3352 3277 3408 scilicet
3336 3352 3586 3422 peccati,
3642 3361 3703 3407 et
3755 3367 3912 3407 mors

2303 3444 2493 3499 aeterni
2537 3442 2802 3514 supplicii,
2856 3444 2924 3498 ad
2974 3459 3205 3513 quarum
3252 3440 3741 3514 comparationem,
3799 3443 3909 3498 ista

2304 3550 2424 3607 quae
2449 3536 2629 3590 carnis
2658 3543 2763 3601 est,
2786 3550 2934 3590 mors
2965 3535 3189 3592 dicenda
3212 3551 3319 3591 non
3345 3544 3449 3592 est.
3480 3535 3750 3591 Laesionis
3776 3550 3915 3591 vero

2303 3624 2588 3691 vocabulo,
2616 3624 2960 3680 miseriarum
2991 3625 3151 3680 debet
3174 3625 3395 3695 intelligi
3422 3625 3723 3696 corruptio.

2376 3720 2540 3774 Vsus.
2577 3719 2664 3772 12.
2695 3749 2766 3758 -
2790 3702 2860 3771 Εἱ
2905 3717 3090 3789 angelo
3130 3715 3378 3789 Pergami
3407 3717 3657 3772 Ecclesiae
3692 3717 3914 3773 scribe:

2308 3810 2423 3865 Hoc
2457 3809 2584 3863 dicit
2610 3809 2701 3881 qui
2725 3808 2879 3864 habet
2923 3809 3241 3880 romphteam
3264 3824 3329 3864 ex
3360 3817 3583 3880 utraque
3604 3818 3767 3878 parte
3787 3825 3916 3863 acac

2307 3909 2434 3954 tam.
2471 3899 2586 3954 lloc
2614 3898 2860 3969 superius
2888 3897 3090 3953 dictum
3115 3906 3218 3953 est.
3253 3897 3439 3970 (Vsus.
3473 3896 3585 3967 l3.)
3635 3895 3776 3952 Scio
3826 3897 3916 3951 ubi

2306 3992 2527 4054 habitas,
2565 3989 2653 4044 ubi
2675 3990 2819 4044 sedes
2848 3997 2923 4044 est
2952 3988 3190 4045 Satanas.
3217 3989 3332 4045 Hoc
3354 3989 3683 4060 generaliter
3713 3988 3916 4046 Eccle—

2307 4084 2401 4139 siae
2427 4083 2644 4150 dicitur,
2676 4100 2797 4155 qum
2816 4099 2915 4154 per
2943 4085 3132 4140 orbem
3169 4085 3482 4140 universum
3508 4083 3757 4148 habitat,
3810 4098 3921 4154 quo

2308 4172 2552 4229 diabolus
2588 4183 2796 4246 regnat.
2839 4175 2910 4231 Et
2945 4185 3085 4230 tenes
3136 4191 3325 4229 nomen
3352 4191 3545 4241 meum,
3591 4184 3642 4229 et
3674 4191 3801 4229 non
3828 4192 3923 4230 ne-

2307 4268 2443 4336 gasti
2465 4267 2621 4335 ﬁdem
2642 4285 2834 4335 meam,
2863 4279 2912 4324 et
2935 4270 2991 4324 in
3011 4268 3191 4323 diebus
3209 4268 3314 4324 illis
3342 4270 3560 4340 Antipas
3591 4270 3750 4325 testis
3770 4286 3925 4324 uelis

2308 4358 2500 4428 ﬁdelis,
2527 4360 2617 4431 qui
2647 4360 2845 4415 occisus
2873 4371 2949 4415 est
2982 4361 3125 4431 apud
3151 4378 3264 4426 vos,
3300 4360 3390 4415 ubi
3417 4358 3654 4416 Satanas
3674 4361 3923 4415 habitat.

2309 4448 2435 4505 Haac
2455 4452 2721 4506 sententia
2748 4460 2841 4506 aut
2877 4452 3203 4523 scriptorum
3226 4451 3358 4507 vitio
3382 4461 3657 4522 corrupta,
3676 4461 3805 4519 est,
3832 4460 3931 4507 aut

2308 4554 2405 4609 per
2446 4539 2849 4597 subauditiones
2885 4542 3044 4598 debet
3073 4542 3389 4613 explanari,
3418 4550 3480 4596 ut
3505 4541 3612 4597 iste
3654 4542 3743 4596 sit
3787 4542 3931 4597 ordo

614 4630 766 4684 lestis
804 4627 993 4698 patria:
1019 4625 1234 4681 divitias
1264 4626 1501 4682 nondum
1528 4627 1691 4682 habet
1715 4628 1768 4682 in
1806 4645 1886 4696 re,
1918 4646 2051 4700 quas
2079 4648 2203 4702 pos-
2234 4616 2287 4677 Β
2307 4629 2615 4685 verborum.
2651 4629 2710 4686 1n
2738 4632 2928 4688 diebus
2961 4633 3071 4688 illis
3095 4633 3321 4703 Antipas
3347 4633 3500 4689 testis
3540 4649 3705 4689 meus
3738 4633 3934 4691 ﬁdelis

615 4719 756 4775 Sidet
785 4719 838 4773 in
883 4734 994 4788 spe.
1044 4716 1114 4770 Et
1161 4714 1535 4787 blasphemaris
1560 4716 1625 4770 ab
1670 4717 1749 4771 his
1787 4718 1876 4791 qui
1918 4737 1973 4774 se
2021 4721 2201 4777 dicunt

615 4831 725 4868 esse
752 4813 985 4876 Jttdtros,
1015 4820 1063 4865 et
1089 4828 1192 4865 non
1216 4821 1361 4877 sunt,
1392 4812 1481 4867 sed
1507 4821 1630 4867 sunt
1667 4831 1931 4887 synagoga
1958 4815 2196 4873 Satanae.

617 4905 731 4960 Hoc
781 4901 1072 4958 universali
1120 4903 1373 4958 Ecclesia:
1422 4902 1648 4971 dicitur,
1693 4922 1814 4975 qua:
1864 4907 1920 4961 in
1974 4909 2201 4980 singulis

619 4992 874 5047 membris
896 5008 992 5063 per
1020 4993 1138 5048 loca
1159 5034 1174 5060 ,
1208 5001 1263 5048 et
1290 4994 1345 5049 in
1372 5004 1484 5051 toto
1514 5013 1740 5068 corpore
1767 5012 1864 5068 per
1890 4999 2101 5066 orbem,
2129 5001 2197 5056 ab

618 5081 853 5136 inimicis
881 5081 1304 5152 blasphematur.
1351 5084 1535 5157 Neque
1562 5088 1706 5142 enim
1738 5087 1793 5141 in
1823 5087 1937 5142 sola
1968 5087 2198 5160 Smyrna

617 5174 702 5227 vel
728 5173 893 5228 fuisse
917 5173 1002 5228 vel
1031 5190 1149 5231 esse
1173 5175 1387 5232 Iudaeos
1412 5178 1846 5249 blasphemantes
1874 5181 2200 5239 credendum

620 5275 722 5321 est.
753 5265 1109 5334 Qumrendum
1134 5284 1263 5324 vero
1288 5278 1372 5324 est
1392 5269 1483 5324 ubi
1508 5267 1678 5326 Judzei
1705 5274 1981 5344 proprium
2005 5290 2203 5331 nomen

621 5355 938 5425 amiserint,
982 5374 1105 5414 cum
1133 5359 1297 5415 etiam
1325 5368 1447 5431 post
1470 5376 1656 5417 necem
1684 5363 2077 5436 Redemptoris,
2110 5382 2205 5423 eos

618 5462 774 5503 sacra
804 5447 1082 5521 Scriptura
1112 5451 1186 5506 ita
1211 5452 1472 5519 nominet,
1510 5460 1571 5508 ut
1598 5456 1651 5509 in
1688 5453 1911 5513 Actibus
1936 5459 2205 5530 apostolo-

617 5555 763 5597 rum.
797 5542 905 5600 Sed
933 5543 1210 5599 sciendum
1231 5546 1359 5614 quia
1382 5561 1600 5613 nomen,
1632 5548 1773 5619 quod
1785 5548 1940 5617 juxta
1966 5552 2202 5607 litteram

621 5635 862 5689 exterius
878 5635 1241 5706 prietendunt,
1267 5636 1493 5695 interius
1520 5639 1712 5710 spiritu
1738 5642 2054 5710 amiserunt,
2079 5660 2202 5700 cum

622 5722 899 5780 Christum
925 5727 1172 5782 conﬁteri
1195 5728 1497 5787 noluerunt.
1528 5732 1661 5788 Nam
1683 5731 1900 5790 Iudaeus
1927 5735 2206 5793 confessor

625 5810 1027 5881 interpretatur.
1085 5814 1395 5874 Secundum
1446 5820 1674 5893 ﬁguram
1726 5837 1879 5893 vero,
1934 5825 2204 5885 hmreticis

2308 4722 2398 4792 qui
2423 4722 2636 4777 occisus
2660 4731 2743 4778 est
2781 4724 2921 4795 apud
2948 4740 3079 4792 vos,
3114 4740 3223 4780 non
3249 4726 3465 4797 negavit
3488 4724 3651 4781 ﬁdem
3684 4743 3928 4791 meam;

2307 4814 2391 4868 vel
2428 4823 2574 4871 certe
2601 4815 2658 4870 in
2681 4814 2872 4872 diebus
2900 4818 3008 4873 illis
3037 4820 3246 4876 exstitit
3270 4818 3494 4889 Antipas
3531 4820 3699 4877 testis
3733 4836 3933 4887 meus,

2305 4909 2397 4979 qui
2421 4910 2632 4966 occisus
2656 4918 2739 4965 est
2761 4912 2902 4981 apud
2929 4928 3044 4968 vos.
3095 4912 3154 4967 In
3197 4928 3304 4983 quo
3339 4922 3580 4985 martyre
3607 4929 3828 4970 omnes
3852 4926 3939 4969 te~

2304 5008 2416 5055 stes
2460 5002 2733 5071 praeconio
2778 5002 2954 5058 laudis
2992 5003 3330 5059 attolluntur.
3383 5004 3538 5074 Apud
3579 5019 3682 5060 vos
3736 5016 3935 5062 auten

2308 5093 2458 5161 dicit,
2485 5110 2591 5150 non
2617 5111 2725 5165 quo
2755 5098 2823 5153 ab
2851 5096 2955 5152 illis
2986 5097 3201 5153 occisus
3229 5098 3337 5164 sit;
3378 5097 3473 5152 sed
3501 5096 3653 5151 inter
3683 5097 3832 5153 illos
3862 5097 3936 5151 ab

2306 5187 2394 5243 his
2423 5187 2478 5242 in
2507 5187 2702 5257 quibus
2745 5187 2975 5244 Satanas
3002 5188 3236 5244 habitat.
3277 5188 3347 5243 Et
3380 5194 3508 5244 nota
3542 5188 3699 5259 (quia
3733 5189 3939 5259 singu-

2306 5275 2407 5331 lari
2461 5270 2701 5334 numero'
2731 5279 3082 5348 praemittitur
3125 5288 3291 5346 tenes,
3338 5287 3394 5334 et
3424 5278 3628 5349 plurali
3677 5279 3939 5335 infertur

2305 5385 2420 5433 vos,
2450 5369 2573 5437 quia
2603 5367 2786 5439 plures
2817 5370 2872 5424 in
2896 5386 3008 5438 una
3035 5386 3269 5442 persona
3300 5369 3515 5425 aﬂ‘atur.
3566 5370 3788 5443 (Vens.
3818 5370 3939 5440 η.)

2310 5456 2417 5513 Sed
2441 5457 2605 5512 habeo
2633 5458 2882 5514 adversus
2903 5470 2953 5514 te
2977 5478 3147 5532 pauca
3172 5476 3190 5513 :
3234 5461 3393 5515 habes
3417 5459 3527 5514 illic
3553 5444 3819 5516 tenentes
3842 5462 3949 5516 do-

2308 5547 2529 5603 ctrinam
2556 5547 2802 5617 Balaam,
2829 5551 2917 5623 qui
2942 5550 3157 5607 docebat
3179 5550 3346 5606 Balac
3365 5552 3568 5605 mittere
3588 5551 3949 5606 scandalum

2309 5657 2487 5695 coram
2514 5640 2640 5711 ﬁliis
2679 5640 2873 5708 Israel,
2917 5642 3091 5709 edere,
3133 5636 3196 5697 et
3225 5641 3499 5712 fornicari.
3546 5641 3951 5713 Nequaquam

2310 5736 2414 5791 ista
2462 5735 2535 5790 illi
2580 5738 2945 5803 conveniunt,
2989 5739 3076 5794 cui
3111 5738 3491 5811 praemiserat,
3528 5746 3679 5793 tenes
3732 5754 3956 5793 nomen

2311 5845 2512 5896 meum,
2562 5837 2617 5885 et
2655 5830 2880 5900 reliqua.
2934 5828 3043 5887 Sed
3071 5831 3131 5886 in
3177 5827 3403 5887 alteram
3450 5829 3704 5902 speciem
3740 5843 3958 5885 sermo
