4088 6330
225 385 362 444 1105
457 398 466 415 ⁸

996 383 1499 442 EXEGETICA.—
1533 377 1888 442 COMMENT.
1929 380 1998 437 IN
2033 382 2580 475 APOCAL.Q-OLIB..
2617 384 2683 442 II.

3341 392 3481 451 “06

221 496 570 563 convertitur,
600 496 896 552 doctrinam
920 511 1049 553 vero
1072 497 1288 552 Balaam
1316 497 1598 552 consilium
1621 494 1989 581 vocat,lA‘lus
2018 496 2153 567 lapis
2182 508 2265 553 est
2304 499 2572 568 pretiosus
2592 541 2607 566 ,
2638 500 2729 571 qui
2751 508 2806 556 et
2832 503 3193 562 carbunculus
3215 517 3474 579 vocatur;

222 592 362 665 quod
389 591 534 646 dedit
555 588 719 645 Baiae
760 598 821 644 ut
846 600 1066 661 poneret
1106 591 1361 647 mulieres
1402 590 1797 671 pulcherrimas

222 699 400 743 coram
442 682 567 737 ﬁliis
612 683 774 738 lsrael
802 723 817 748 ,
852 698 1080 753 quarum
1124 684 1404 754 speciebus
1440 683 1692 739 delectati
1740 685 1797 739 in

221 774 497 844 amplexus
525 772 739 829 illicitos
767 784 1004 841 ruerent,
1049 790 1344 846 earumque
1370 776 1644 832 blanditiis
1664 776 1797 831 deli-

220 865 318 920 uiti
347 864 413 919 de
439 865 719 920 sacriﬁciis
755 865 1127 935 Bebelphegor
1151 868 1583 934 manducarent;
1614 883 1679 923 ac
1699 882 1799 937 per

220 958 319 1013 hoc
341 972 371 1011 a
399 955 510 1010 Deo
538 957 737 1012 deserti
765 973 946 1013 coram
972 958 1205 1014 inimicis
1228 961 1340 1015 suis
1368 960 1643 1015 caderent.
1690 959 1797 1017 Sed

218 1046 263 1103 si
291 1062 319 1100 a
349 1047 680 1117 proprietate
701 1049 768 1103 ad
797 1048 1021 1119 ﬁguram
1043 1050 1392 1116 recurrimus,
1422 1049 1654 1120 qualiter
1677 1058 1799 1121 post

214 1138 294 1192 vel
347 1146 498 1209 gesta
553 1139 638 1193 vel
687 1141 919 1209 gerenda
979 1148 1139 1204 sunt,
1197 1141 1520 1197 invenimus.
1577 1140 1797 1196 Balaam

213 1231 408 1302 quippe
443 1233 829 1304 interpretatur
851 1238 1080 1307 populus
1101 1236 1324 1301 varius;
1375 1237 1515 1290 unde
1545 1244 1667 1305 apte
1707 1235 1799 1293 de-

211 1322 386 1392 signat
414 1324 722 1391 hzereticos,
752 1328 844 1396 qui
872 1328 1100 1383 diversis
1124 1327 1402 1383 erroribus
1426 1334 1754 1382 evanescunt
1780 1345 1795 1381 :

212 1412 369 1468 Balac
399 1421 579 1468 autem
604 1406 834 1482 elidens,
864 1434 962 1487 per
985 1433 1146 1488 quem
1169 1416 1327 1486 hujus
1354 1416 1533 1472 saeculi
1561 1423 1796 1487 potesta-

210 1515 288 1560 tes
312 1507 710 1575 exprimuntur,
740 1525 860 1579 quae
883 1511 1225 1581 plenunque,
1259 1509 1533 1564 haereticis
1568 1509 1800 1564 suaden-

209 1599 372 1664 tibus,
402 1598 719 1670 dignitatem
742 1601 1001 1658 Ecclesiae
1027 1605 1093 1658 ad
1122 1610 1333 1671 tempus
1354 1600 1619 1656 inclinant
1643 1618 1655 1653 :
1700 1614 1799 1669 per

203 1688 367 1745 Israel
400 1704 551 1757 vero,
595 1692 772 1746 virum
802 1693 970 1747 Deum
992 1694 1263 1749 videntem
1296 1692 1607 1757 Dominum,
1637 1691 1797 1747 electi

208 1781 528 1851 ﬁgurantur.
585 1780 821 1838 Docente
866 1785 1046 1854 itaque
1095 1786 1348 1850 Balaam,
1398 1785 1565 1839 mittit
1613 1799 1798 1839 coram

207 1870 329 1926 ﬁliis
367 1871 718 1928 lsraelBalac
762 1853 1073 1931 scandalum
1119 1877 1428 1940 mulierum,
1475 1875 1682 1930 scilicet
1704 1853 1874 1929 de-B

206 1960 511 2031 ceptionem
536 1977 659 2017 cum
686 1963 882 2034 quibus
912 1966 977 2020 de
998 1966 1310 2037 idolothytis
1331 1966 1514 2029 edant,
1545 1972 1600 2018 et
1625 1963 1795 2022 forni-

206 2061 425 2119 centur,
458 2055 605 2124 quia,
632 2056 904 2113 haereticis
931 2058 1300 2122 suadentibus,
1346 2057 1616 2127 principes
1639 2054 1798 2123 hujus

207 2144 413 2210 saeculi,
440 2160 627 2200 eorum
653 2156 852 2212 sectas,
891 2148 1044 2218 quasi
1072 2148 1326 2217 pulchras
1350 2146 1483 2201 foris
1510 2146 1800 2221 ostendunt

206 2235 261 2289 in
285 2234 670 2302 locutionibus,
699 2252 819 2306 quae
842 2239 990 2293 intus
1017 2240 1166 2293 omni
1192 2238 1451 2308 spurcitia
1478 2239 1652 2307 plenae
1676 2250 1797 2292 esse

206 2334 526 2383 noscuntur.
579 2325 749 2382 Aliter
792 2328 1006 2382 Balaam
1032 2369 1047 2392 ,
1089 2329 1143 2384 id
1192 2337 1275 2384 est
1310 2328 1587 2393 diabolus,
1640 2328 1799 2383 docet

205 2417 390 2481 Balac,
420 2416 474 2471 id
503 2423 587 2471 e-tt
613 2433 853 2484 carnem,
886 2427 946 2473 ut
966 2419 1145 2473 mittat
1185 2418 1474 2484 mulieres,
1520 2418 1575 2474 id
1594 2425 1679 2474 est
1698 2432 1799 2473 sae-

208 2507 318 2563 culi
346 2508 670 2579 voluptates,
703 2509 898 2579 quibus
918 2519 1143 2581 pereant
1169 2512 1380 2567 animae.

278 2601 446 2656 Vens.
474 2600 560 2655 15.
598 2629 679 2679 ᾔ-ο
717 2599 805 2655 Ita
844 2601 1000 2657 habes
1039 2611 1088 2656 et
1128 2611 1185 2656 tu
1235 2612 1465 2657 tenentes
1504 2601 1799 2657 doctrinam

213 2690 630 2747 Nicolaitarum.
671 2693 749 2749 De
789 2692 949 2749 factis
984 2693 1370 2750 Nicolaitarum
1412 2693 1544 2749 satis
1578 2693 1694 2764 jam
1718 2692 1799 2749 di-

210 2790 359 2839 ctum
385 2792 487 2839 est.
526 2783 662 2839 Dum
682 2791 863 2840 autem
899 2785 997 2851 ait,
1035 2803 1143 2842 non
1171 2786 1337 2841 babes
1362 2784 1495 2850 illic,
1524 2786 1619 2841 sed
1641 2784 1800 2840 habes

207 2883 259 2930 et
280 2884 359 2943 tu,
378 2877 614 2933 ostendit
635 2893 665 2932 a
681 2877 858 2948 specie
881 2878 945 2934 ad
959 2879 1193 2949 speciem
1213 2890 1516 2934 sermonem
1535 2876 1796 2932 converti.

198 2970 275 3026 Et
296 2969 424 3040 quia
450 2969 583 3023 nihil
598 2969 826 3025 interest
847 2978 1029 3025 utrum
1057 2972 1179 3041 quis
1200 2978 1297 3041 pro
1326 2970 1569 3025 doctrina
1582 2967 1800 3023 Balaam

208 3077 276 3115 an
302 3075 402 3131 pro
426 3058 812 3116 Nicolaitarum
835 3063 1067 3117 tacuisse
1094 3064 1465 3132 redarguatur,
1500 3067 1648 3116 recte
1676 3060 1803 3115 sub-

200 3155 487 3228 juugitur:
542 3157 791 3212 similiter
815 3158 1188 3228 pteuitentiam
1232 3173 1370 3229 age;
1417 3173 1524 3228 quo
1550 3158 1694 3213 dicto
1723 3156 1800 3210 illi

206 3249 372 3303 etiam‘
415 3249 480 3303 ad
530 3248 905 3318 paenitentiam
948 3249 1179 3305 latenter
1215 3258 1615 3320 provocautur,
1665 3263 1801 3317 quos

204 3341 348 3397 idem
380 3349 665 3411 torpentes
702 3344 1086 3412 praedicatores
1127 3358 1471 3413 nequaquam
1496 3342 1802 3398 correxisse

204 3437 507 3495 notantur;
560 3431 700 3485 unde
725 3438 780 3485 et
808 3430 1058 3486 subditur
1105 3448 1117 3484 :
1153 3432 1338 3504 (Vens.
1371 3431 1457 3501 16)
1497 3430 1591 3486 Sin
1618 3440 1801 3486 autem

203 3522 363 3578 venio
408 3521 526 3588 tibi,
573 3531 623 3576 et
654 3523 895 3593 pugnabo
936 3540 1055 3577 cum
1084 3522 1188 3579 illis
1230 3525 1287 3579 in
1326 3524 1501 3596 gladio
1538 3524 1643 3579 oris
1678 3525 1799 3580 mei.

202 3613 315 3669 Cur
344 3613 494 3670 enim
520 3629 628 3669 non
659 3614 736 3668 ait
764 3616 1015 3687 pugnabo
1047 3616 1248 3681 tecum,
1294 3616 1386 3670 sed
1416 3614 1658 3686 pugnabo
1682 3631 1801 3669 cum

206 3703 313 3760 illis
341 3707 366 3760 ἲ
401 3705 509 3761 nisi
535 3705 685 3776 quia,
713 3714 774 3760 ut
803 3706 1006 3762 dictum
1034 3714 1139 3771 est,
1172 3707 1291 3762 illos
1318 3707 1480 3770 etiam
1504 3705 1570 3761 ad
1603 3707 1804 3761 lamen-

209 3805 323 3851 tum
357 3798 545 3853 venire
584 3799 836 3853 hortatur
860 3814 995 3869 quos
1027 3799 1443 3869 praedicatorum
1468 3807 1685 3874 torpore
1708 3815 1803 3868 pe-

208 3890 349 3944 risse
379 3897 724 3958 cognoverat.
769 3888 923 3955 Quod
943 3889 1052 3943 tale
1081 3897 1163 3943 est
1192 3905 1256 3942 ac
1283 3889 1331 3942 si
1353 3889 1559 3942 diceret
1585 3907 1597 3941 :
1630 3889 1802 3943 Venio

211 3981 330 4046 tibi,
362 3988 419 4034 et
452 3981 701 4050 pugnabo
725 3989 923 4046 tecum,
952 3981 1093 4035 sicut
1127 3980 1231 4034 alia
1269 3979 1552 4034 translatio
1583 3981 1803 4035 demon-

209 4080 369 4126 strat.
419 4070 516 4126 Vel
546 4070 703 4125 venio
741 4071 915 4136 vobis,
958 4078 1011 4126 et
1037 4070 1288 4142 pugnabo
1311 4069 1610 4124 vobiscum.
1663 4067 1804 4136 Quid

209 4174 295 4221 est
319 4172 504 4219 autem
529 4164 707 4220 dicere
730 4165 889 4219 venio
914 4164 1031 4231 tibi,
1078 4163 1182 4219 nisi
1212 4172 1517 4233 respectum
1546 4163 1643 4217 iraa
1668 4179 1803 4219 meae

208 4256 417 4310 sentire
442 4262 497 4311 te
522 4254 697 4310 facio?
720 4255 815 4311 Vel
835 4255 986 4325 quid,
1012 4253 1252 4326 pugnabo
1279 4269 1396 4307 cum
1418 4252 1525 4309 illis
1551 4254 1605 4308 in
1625 4252 1801 4324 gladio

190 4347 316 4415 poris
358 4346 481 4412 mei,
517 4346 622 4401 nisi
648 4346 821 4401 acutis
855 4344 1191 4416 eloquiorum
1232 4358 1489 4400 meorum
1519 4343 1803 4400 sententiis

208 4439 524 4494 damnabo?
550 4439 735 4511 (Vens.
777 4438 887 4509 17.)
917 4437 1020 4505 Qui
1051 4437 1203 4491 habet
1233 4453 1416 4491 aurem
1461 4437 1647 4491 audiat
1673 4434 1802 4508 quid

211 4532 447 4603 Spiritus
467 4532 608 4586 dicat
644 4531 932 4586 Ecclesiis:
961 4531 1184 4585 vincenti
1211 4530 1346 4586 dabo
1364 4547 1561 4585 manna
1586 4531 1803 4585 abscon-

207 4626 401 4681 ditum.
453 4625 645 4680 Manna
689 4625 1058 4681 absconditum
1091 4640 1286 4695 panem
1312 4624 1446 4680 dicit
1470 4622 1797 4679 invisibilem

211 4718 305 4787 qui
333 4718 403 4773 de
428 4717 568 4773 ctelo
600 4718 893 4783 descendit,
938 4718 1031 4789 qui
1062 4717 1184 4772 ideo
1210 4715 1386 4771 factus
1424 4724 1507 4770 est
1529 4715 1712 4779 homo,
1742 4721 1803 4769 ut

212 4823 415 4879 panem
445 4809 755 4879 angelorum
794 4810 1143 4865 manducaret
1181 4810 1361 4865 homo.
1409 4807 1564 4876 Quod
1605 4820 1804 4861 manna

213 4916 362 4956 nunc
402 4900 633 4954 sumitur
660 4902 717 4957 in
754 4910 1095 4958 sacramento
1133 4917 1232 4972 per
1257 4902 1438 4967 ﬁdem,
1484 4901 1805 4972 quandoque

211 5004 400 5050 autem
422 4992 480 5047 in
507 4994 736 5049 veritate
775 5010 873 5064 per
915 4996 1189 5064 speciem;
1230 4995 1385 5064 juxta
1413 4995 1544 5051 illud
1578 4993 1804 5049 Psalmi-

209 5092 348 5140 stae:
401 5081 652 5138 Satiabor
694 5084 820 5139 dum
857 5086 1294 5141 manifestabitur
1337 5086 1470 5140 mihi
1512 5084 1682 5156 gloria
1712 5094 1804 5139 tua

211 5174 393 5248 (Psal.
438 5191 552 5241 xvn,
598 5175 709 5248 15).
756 5176 947 5232 Manna
976 5181 1121 5233 enim
1165 5179 1576 5249 interpretatum
1624 5186 1801 5245 sonat,

210 5267 343 5338 quid
371 5274 457 5321 est
497 5267 639 5333 hoc;
688 5270 831 5338 quod
872 5286 979 5325 non
1027 5270 1277 5334 dicimus,
1329 5269 1434 5323 nisi
1462 5268 1527 5323 de
1553 5284 1612 5323 re
1640 5283 1802 5339 quam

210 5368 339 5415 ante
385 5375 495 5415 non
538 5358 789 5416 vidimus.
839 5359 975 5431 Apte
1020 5376 1149 5432 ergo
1183 5360 1271 5414 illa
1302 5359 1522 5415 satietas
1568 5357 1803 5414 caelestis

212 5451 401 5521 gloriae
427 5465 625 5507 manna
665 5460 905 5517 vocatur,
941 5453 1066 5522 quia
1084 5451 1238 5522 juxta
1267 5450 1418 5506 Pauli
1446 5464 1657 5516 vocem,
1701 5463 1804 5507 nec

214 5544 401 5599 oculus
422 5544 571 5610 vidit,
601 5561 693 5599 nec
713 5545 767 5599 in
791 5561 880 5599 cor
903 5545 1127 5599 hominis
1169 5544 1418 5609 ascendit,
1452 5561 1572 5616 qua:
1595 5559 1802 5614 praepa-

215 5638 349 5691 ravit
377 5636 523 5691 Deus
548 5637 889 5709 diligentibus
913 5654 971 5694 se
993 5637 1044 5710 (1
1072 5636 1194 5692 Cor.
1226 5655 1309 5705 ιιι,
1342 5638 1418 5710 9).

289 5727 359 5781 Et
392 5726 528 5781 dabo
553 5727 631 5782 illi
657 5728 916 5785 calculum
951 5730 1235 5785 candidum
1256 5771 1268 5794 ,
1299 5740 1346 5785 et
1382 5731 1437 5785 in
1462 5729 1665 5786 calculo
1707 5744 1803 5784 no-

216 5840 336 5880 men
368 5840 577 5891 novum,
606 5825 744 5896 quod
774 5842 923 5881 nemo
949 5826 1119 5895 novit,
1143 5824 1243 5881 nisi
1268 5825 1358 5897 qui
1385 5823 1591 5895 accipit.
1614 5820 1801 5878 Calcu-

1882 590 2149 665 _quoniam
2172 591 2311 646 sicut
2330 593 2494 647 carbo
2514 608 2823 660 succensus,
2846 611 2951 666 qua
2971 598 3339 670 magnitudine
3358 603 3482 658 sub-

1897 682 2038 737 sistit
2051 699 2112 738 ea
2126 683 2182 737 in
2196 685 2432 740 tenebris
2447 686 2653 756 positus
2664 684 2850 758 fulget,
2865 689 2940 743 ita
2962 696 3013 742 et
3041 688 3131 745 hic
3144 689 3281 761 lapis
3303 684 3485 750 facere

1882 773 2229 851 perhibetur.
2254 770 2394 840 Quid
2414 774 2596 844 itaque
2615 790 2713 845 per
2739 776 3003 832 calculum
3029 778 3349 847 candidum,
3378 782 3486 838 nisi

1896 857 2143 916 Christus
2168 861 2323 918 Jesus
2350 862 2699 935 designatur?
2727 865 2819 933 qui
2843 866 2958 921 sine
2984 865 3089 922 ulla
3116 870 3324 939 peccati
3349 869 3487 926 oﬁ‘u—

1886 952 2135 1032 gscatione
2162 953 2394 1007 mundus
2416 954 2557 1008 inter
2584 954 2829 1011 homines
2855 958 3123 1028 apparuit,
3151 967 3206 1014 et
3234 960 3487 1016 divinita-

1896 1044 1967 1097 tis
2000 1060 2109 1098 suze
2140 1045 2260 1101 luce
2291 1046 2543 1102 tenebras
2564 1056 2762 1103 nostra:
2787 1051 3136 1107 mortalitatis
3176 1052 3482 1108 illustravit.

1894 1135 1964 1190 Et
1990 1145 2073 1191 est
2103 1153 2330 1193 sensus:
2363 1139 2427 1193 de
2466 1140 2658 1195 mortis
2683 1148 2904 1197 auctore
2941 1143 3364 1216 triumphantem
3396 1160 3488 1201 co-

1892 1224 2167 1284 literedem
2198 1246 2374 1284 meum
2423 1231 2478 1285 in
2528 1247 2695 1303 regno
2719 1232 2900 1289 Patris
2928 1215 3176 1289 efﬁciam.
3209 1234 3328 1290 Alia
3356 1251 3490 1293 vero

1898 1318 2181 1374 translatio
2200 1336 2298 1391 pro
2322 1322 2531 1376 calculo
2555 1324 2905 1393 margaritum
2931 1327 3129 1396 posuit.
3153 1325 3360 1382 Nomen
3389 1328 3490 1384 no:-

1896 1425 2025 1464 vum
2050 1411 2182 1466 dicit
2203 1410 2570 1467 Christianum
2594 1414 2800 1484 pridem
2825 1415 3141 1487 inauditum,
3168 1419 3233 1473 de
3262 1436 3369 1490 quo
3389 1436 3492 1491 per

1895 1500 2089 1574 Isaiam
2123 1502 2382 1559 Dominus
2404 1504 2659 1559 Ecclesiae
2687 1506 2850 1560 dicit:
2887 1505 3167 1562 Vocabitur
3186 1510 3276 1564 tibi
3303 1528 3491 1567 nomen

1888 1611 2114 1679 novum,
2136 1595 2274 1667 quod
2294 1614 2347 1651 os
2374 1596 2583 1651 Domini
2600 1598 2835 1653 locutum
2862 1608 2944 1655 est
2961 1600 3096 1672 (Isa.
3126 1619 3259 1669 LXII,
3277 1603 3355 1675 2).
3381 1603 3490 1660 Sed

1898 1703 2019 1742 cum
2065 1688 2217 1743 multi
2264 1704 2294 1742 a
2343 1690 2554 1745 diabolo
2581 1691 2710 1746 victi
2753 1694 2858 1748 hoc
2898 1696 3114 1749 nomine
3142 1704 3489 1765 censeantur,

1896 1774 2166 1849 quomodo
2213 1781 2340 1835 solis
2383 1783 2724 1849 vincentibus
2768 1786 2871 1840 hoc
2916 1802 2974 1841 se
3016 1786 3145 1842 dare
3173 1789 3492 1859 pollicetur?

1898 1870 2001 1925 nisi
2028 1871 2153 1941 quia
2178 1871 2324 1926 datio
2353 1872 2441 1927 hic
2470 1873 2559 1928 illa
2584 1874 2891 1943 accipienda
2936 1885 3049 1940 est,
3083 1894 3189 1948 qua
3211 1879 3493 1948 praedesti-

1896 1971 2055 2018 natos
2084 1963 2154 2018 ad
2185 1964 2353 2018 vitam
2397 1979 2642 2034 supernae
2685 1966 2921 2023 civitatis
2967 1969 3216 2024 novimus
3262 1970 3485 2027 electos.

1898 2054 2002 2111 Ubi
2028 2064 2153 2125 apte
2177 2056 2443 2123 subditur,
2471 2057 2611 2128 quod
2638 2075 2785 2112 nemo
2813 2060 2983 2124 novit,
3016 2061 3117 2115 nisi
3142 2061 3233 2133 qui
3268 2063 3493 2134 accipit;

1897 2151 2153 2215 tanquam
2177 2144 2381 2199 diceret
2407 2163 2419 2198 :
2449 2147 2626 2201 nullus
2641 2147 2957 2217 dignitatem
2976 2149 3211 2204 nominis
3222 2150 3486 2206 Christia-

1897 2236 1955 2289 ni
1975 2234 2086 2290 vita
2107 2244 2161 2288 et
2188 2236 2428 2291 moribus
2455 2235 2725 2304 defendit,
2752 2239 2856 2294 nisi
2883 2240 2974 2310 qui
3014 2241 3119 2296 hoc
3143 2241 3323 2297 divina
3351 2259 3491 2314 prte-

1899 2328 2254 2385 destiuatione
2304 2331 2370 2386 ad
2428 2330 2595 2386 vitam
2638 2339 2896 2388 aeternam
2949 2335 3268 2404 promeruit.
3321 2334 3492 2393 Nosse

1897 2421 2042 2475 enim
2069 2421 2270 2477 Christi
2296 2437 2513 2488 nomen,
2539 2423 2606 2478 ad
2631 2424 2933 2479 custodiam
2960 2425 3337 2480 mandatorum
3366 2442 3489 2496 per-

1901 2512 2065 2577 tinet;
2111 2512 2358 2581 accipere
2380 2527 2539 2580 vero,
2568 2513 2638 2573 ad
2668 2515 2897 2585 gratiam
2927 2515 3121 2570 divinae
3139 2515 3492 2586 praedestina-

1903 2603 2066 2659 tionis
2090 2603 2341 2659 refertur.

1969 2696 2132 2751 Vens.
2160 2695 2245 2751 18.
2272 2725 2345 2736 -
2369 2695 2439 2750 Et
2475 2696 2660 2768 angelo
2689 2696 2957 2768 Thyatira:
3000 2697 3252 2755 Ecclesite
3277 2701 3445 2755 scribe
3470 2714 3491 2754 :

1900 2780 2033 2843 Ha’c
2072 2787 2197 2842 dicit
2236 2785 2408 2842 Filius
2436 2787 2567 2854 Dei,
2599 2788 2690 2870 qui
2723 2788 2876 2843 habet
2902 2788 3081 2844 oculos
3126 2797 3186 2845 ut
3217 2791 3491 2861 ﬂammam

1901 2878 2064 2949 ignis,
2114 2888 2163 2931 et
2202 2877 2353 2948 pedes
2400 2877 2515 2950 ejus
2563 2876 2757 2933 similes
2787 2878 3110 2933 aurichalco.
3150 2879 3337 2952 (Vens.
3376 2878 3492 2954 19.)

1904 2968 2042 3024 Novi
2067 2985 2225 3041 opera
2251 2979 2367 3036 tua,
2401 2980 2450 3024 et
2479 2970 2822 3037 charitatem,
2866 2980 2913 3026 et
2947 2972 3134 3042 ﬁdem,
3176 2983 3222 3028 et
3261 2973 3496 3028 ministe-

1904 3062 2062 3127 rium,
2085 3070 2133 3115 et
2156 3060 2481 3132 patientiam,
2504 3072 2553 3116 et
2578 3078 2736 3132 opera
2760 3070 2853 3117 tua
2873 3064 3153 3118 novissima
3177 3063 3329 3135 plura
3348 3065 3497 3136 prio-

1906 3152 2067 3206 ribus.
2096 3152 2222 3207 Hmc
2264 3152 2560 3208 universali
2604 3153 2862 3210 Ecclesia:
2905 3155 3181 3222 dicuntur,
3211 3154 3365 3224 cujus
3389 3155 3495 3212 Do-

1904 3244 2085 3299 minus
2133 3258 2297 3314 opera
2322 3285 2336 3309 ,
2368 3245 2689 3301 charitatem
2732 3254 2789 3301 et
2831 3245 2992 3302 ﬁdem
3033 3248 3211 3312 novit,
3243 3251 3369 3318 quia
3398 3263 3497 3320 per

1903 3338 2183 3393 electionis
2233 3339 2463 3409 gratiam
2521 3339 2803 3409 approbat.
2853 3338 2962 3393 Sed
3010 3339 3127 3396 haec
3168 3347 3497 3409 praepostere

1904 3428 2183 3494 dicuntur;
2218 3427 2452 3498 primum
2499 3429 2644 3483 enim
2690 3437 2775 3484 est
2823 3430 3076 3495 credere,
3124 3431 3319 3485 dehinc
3349 3431 3495 3501 quod

1904 3519 2079 3574 credis
2124 3534 2340 3585 amare,
2386 3527 2719 3588 postremum
2751 3521 2896 3589 quod
2922 3536 3074 3576 amor
3104 3530 3160 3575 et
3202 3521 3497 3578 credulitas

1903 3607 2188 3677 compellat
2209 3608 2441 3678 operari.
2473 3608 2828 3665 Ministerium
2853 3610 2956 3667 hoc
2977 3612 3096 3667 loco
3122 3612 3234 3667 vult
3262 3612 3494 3685 intelligi

1905 3697 2203 3769 impensam
2262 3699 2692 3756 misericordiam
2747 3712 2993 3757 extrema
3048 3703 3322 3759 facultate.
3385 3703 3495 3761 Sed

1903 3791 2252 3859 quaerendum
2278 3799 2362 3845 est
2392 3807 2490 3845 cur
2514 3792 2768 3847 Ecclesite
2802 3810 2965 3863 opera
3012 3781 3302 3852 novissima
3333 3798 3491 3866 plura

1902 3881 2264 3948 praedicentur
2281 3897 2445 3949 quam
2477 3883 2684 3951 priora.
2703 3883 2992 3939 Sciendum
3024 3886 3204 3956 itaque
3229 3888 3353 3958 quia
3384 3890 3496 3959 pri-

1904 3985 1993 4023 mo
2021 3970 2088 4023 ab
2115 3970 2370 4041 apostolis
2396 3982 2627 4041 quatuor
2654 3982 2864 4029 tantum
2899 3976 3136 4046 capitula
3159 3978 3406 4048 gentibus
3421 3979 3494 4037 ad

1904 4059 2178 4118 Christum
2201 4065 2477 4120 conversis
2500 4068 2704 4122 servari
2741 4079 3013 4139 praecepta
3051 4078 3177 4125 sunt
3201 4088 3214 4124 :
3243 4070 3494 4128 videlicet

1904 4162 1964 4208 ut
1987 4154 2325 4209 abstinerent
2350 4171 2409 4211 se
2430 4156 2498 4210 ab
2519 4158 2812 4215 immolatis
2836 4167 2892 4215 et
2922 4159 3300 4229 fornicatione,
3328 4162 3494 4220 ξιισο-

1903 4254 2028 4302 cato
2055 4255 2109 4301 et
2136 4249 2414 4318 sanguine.
2462 4248 2533 4304 At
2561 4265 2683 4305 cum
2723 4267 2978 4322 processu
3026 4255 3286 4326 temporis
3322 4270 3492 4325 parva

1905 4340 2078 4409 spatia
2104 4340 2350 4397 devoluta
2379 4341 2641 4411 fuissent,
2669 4356 2958 4402 creverunt
2986 4348 3052 4402 ad
3077 4347 3287 4404 culmen
3312 4349 3492 4420 perfe-

1904 4433 2133 4500 ctionis;
2163 4435 2239 4490 ita
2272 4444 2331 4490 ut
2358 4436 2510 4492 multi
2542 4438 2875 4494 credentium
2901 4448 3093 4495 cuncta
3121 4442 3303 4497 mundi
3341 4452 3493 4514 post-

1823 4559 1878 4621 D
1905 4534 2187 4596 ponerent.
2221 4527 2317 4583 Vel
2346 4529 2470 4597 quia
2497 4528 2566 4583 ab
2595 4529 2908 4585 Antichristi
2958 4532 3332 4601 persecutione
3375 4550 3494 4590 am.

1904 4617 2041 4686 plior
2059 4618 2112 4672 in
2134 4634 2197 4674 ea
2220 4619 2390 4674 virtus
2410 4621 2635 4675 enitebit
2654 4621 3003 4690 operationis.
3031 4620 3159 4687 Qua:
3185 4624 3327 4678 enim
3349 4641 3495 4683 nunc

1903 4724 1972 4763 ex
2000 4708 2247 4778 gentibus
2276 4709 2387 4764 sola
2416 4710 2644 4774 laborat,
2676 4718 2800 4765 tunc
2824 4709 3037 4766 Judaeos
3056 4713 3219 4768 etiam
3240 4715 3305 4769 ad
3331 4715 3495 4771 ﬁdem

1902 4800 2204 4870 perducens
2233 4800 2395 4871 duplo
2418 4801 2704 4856 laborabit.

1977 4892 2142 4948 Vens.
2173 4893 2264 4947 20.
2288 4924 2358 4933 -
2380 4890 2488 4948 Sed
2515 4893 2678 4948 habeo
2705 4895 2952 4951 adversus
2994 4908 3042 4952 te
3074 4898 3197 4970 quia
3236 4899 3492 4969 permittis

1904 4984 2177 5040 mulierem
2204 4984 2445 5050 Jezabel,
2490 5003 2605 5058 qua:
2637 5003 2692 5043 se
2719 4987 2846 5043 dicit
2868 4991 3177 5061 propheten,
3216 4990 3401 5046 docere
3442 4998 3494 5046 et

1903 5078 2147 5132 seducere
2167 5094 2338 5132 servos
2368 5093 2531 5143 meos,
2555 5078 2829 5148 fornicari,
2860 5090 2909 5133 et
2936 5081 3257 5135 manducare
3285 5081 3349 5135 de
3373 5081 3489 5144 ido-

1904 5167 2134 5239 lothytis.
2179 5168 2303 5224 Haec
2348 5183 2455 5223 non
2502 5168 2579 5224 illi
2632 5172 2989 5237 conveniunt,
3032 5186 3193 5242 quem
3240 5173 3494 5244 superius

1905 5268 2055 5316 tanta
2089 5261 2246 5317 laude
2272 5272 2592 5332 prosecutus
2617 5270 2728 5329 est;
2771 5264 2866 5318 sed
2890 5264 3200 5334 specialiter
3224 5266 3290 5321 ad
3319 5265 3492 5322 malos

1901 5355 2287 5425 pratdicatores
2313 5396 2326 5421 ,
2374 5354 2465 5424 qui
2502 5371 2599 5410 sua
2638 5353 2961 5425 negligentia
2994 5354 3408 5411 fornicationem
3435 5360 3495 5412 et

1906 5445 2265 5501 idololatriam
2294 5447 2350 5500 in
2377 5445 2618 5501 Ecclesia
2647 5444 2851 5499 sinunt.
2879 5444 2995 5500 Non
3042 5452 3222 5500 autem
3266 5444 3492 5501 creden-

1902 5538 2031 5595 dum
2074 5546 2157 5594 est
2200 5554 2369 5609 usque
2422 5540 2488 5593 ad
2555 5535 2685 5591 illud
2731 5543 2943 5607 tempus
2992 5536 3208 5592 Jezabel
3263 5549 3492 5590 uxorem

1901 5633 2088 5690 Achab
2116 5632 2171 5687 iu
2200 5644 2425 5701 corpore
2459 5626 2752 5695 mansisse,
2782 5642 2945 5699 quam
2973 5640 3235 5698 equorum
3274 5626 3492 5700 ungulis

1900 5723 2149 5779 novimus
2200 5720 2621 5784 comminutam;
2671 5718 2765 5773 sed
2810 5717 2938 5788 quia
2972 5726 3126 5773 erant
3155 5726 3284 5774 tunc
3308 5718 3365 5774 in
3396 5718 3493 5775 illa

1904 5816 1995 5888 qui
2023 5815 2198 5872 coitus
2222 5812 2366 5875 illius
2393 5808 2762 5883 imitabantur,
2800 5809 3003 5874 idcirco
3027 5810 3082 5865 in
3111 5812 3193 5868 eis
3212 5811 3329 5882 ipsa
3369 5825 3494 5866 ma-
