4090 6466
567 442 701 499 1111

1412 435 1473 488 Β.
1512 431 1574 490 ιτ.
1616 432 1842 490 ALBlNl
1881 431 2013 488 SEU
2052 428 2331 487 ALCUlNl
2367 426 2654 486 OPERUM
2689 424 2873 485 PARS
2906 425 2972 484 ll.

3705 428 3873 487 1112

565 556 670 612 iste
693 559 779 610 est
799 549 887 608 vis
903 550 1149 624 quaedam
1175 546 1378 615 divina,
1399 561 1519 617 quae
1540 546 1836 603 electorum
1865 559 2151 601 numerum
2175 549 2231 609 Α
2254 558 2343 609 si,
2380 541 2503 615 25);
2535 543 2628 613 qui
2657 556 2804 598 nunc
2839 538 3055 597 Iudaeos
3099 555 3159 607 se
3202 556 3326 599 esse
3363 540 3572 610 dicunt,
3600 543 3700 600 sed
3740 561 3870 603 nam

565 654 780 703 certum
820 657 887 700 ac
928 642 1207 699 deﬁnitum
1245 647 1383 694 ante
1421 638 1617 694 8330013
1664 637 2067 709 praedestinavit
2094 636 2151 691 in

564 737 736 810 gloria
766 734 1025 790 futurum.
1052 731 1273 785 Dicatur
1297 744 1428 802 ergo
1456 730 1522 786 de
1546 729 1791 784 victore:
1824 727 1950 784 Non
1972 726 2151 782 delebo

569 845 758 885 nomen
783 829 897 898 ejus
915 824 980 879 de
1002 823 1134 878 libro
1159 824 1276 878 vita
1290 840 1310 889 ;
1337 837 1401 879 ac
1426 822 1473 878 si
1505 823 1745 878 diceret:
1776 836 1937 894 quem
1975 821 2149 876 victo-

573 941 689 981 rem
722 922 963 977 futurum
990 920 1123 986 scio,
1156 935 1352 975 nomen
1382 918 1499 990 ejus
1527 918 1641 989 jam
1670 919 1932 990 scriptum
1960 919 2014 974 in
2042 933 2153 976 cte-

564 1012 635 1070 lis
664 1021 839 1068 teneo.
868 1011 937 1065 Et
967 1011 1249 1081 conﬁtebor
1269 1028 1455 1066 nomen
1482 1011 1597 1082 ejus
1632 1027 1809 1066 coram
1850 1010 2013 1066 Patre
2036 1026 2150 1066 meo

566 1114 616 1158 et
650 1102 850 1174 angelis
871 1103 1007 1174 ejus.
1036 1102 1175 1170 Quid
1201 1111 1285 1158 est
1307 1103 1445 1158 Filio
1472 1103 1569 1158 Dei
1597 1102 1822 1157 victoris
1844 1116 2041 1157 nomen
2067 1116 2153 1157 co-

564 1210 684 1250 ram
725 1193 888 1249 Patre
921 1200 977 1248 et
1020 1193 1226 1265 angelis
1254 1193 1539 1258 conﬁteri,
1568 1193 1672 1249 nisi
1699 1192 1857 1248 bonis
1898 1192 2154 1264 operibus

564 1285 780 1340 unitum
811 1285 912 1340 sibi
943 1285 1093 1341 illum
1122 1286 1408 1341 ostendere
1448 1285 1541 1357 qui
1586 1285 1811 1341 vicerit?
1838 1286 1981 1355 quod
2023 1292 2155 1341 tunc

565 1378 941 1449 principaliter
968 1379 1063 1435 ﬁet
1101 1396 1227 1435 cum
1273 1380 1461 1436 electis
1499 1381 1744 1437 dicturus
1789 1389 1913 1436 est:
1950 1380 2151 1448 Venite,

563 1468 816 1523 benedicti
846 1467 1027 1524 Patris
1056 1472 1157 1525 mei
1184 1469 1398 1544 (Matth.
1423 1488 1554 1537 xxv,
1578 1471 1692 1543 51),
1720 1479 1774 1527 et
1803 1472 2027 1543 reliqua.

635 1559 799 1614 Vens.
835 1558 887 1614 7.
911 1591 983 1601 —
1010 1560 1078 1615 Et
1106 1561 1290 1632 angelo
1317 1560 1700 1634 Philadelphia:
1726 1562 1980 1619 Ecclesiae
2019 1565 2153 1619 scri-

567 1652 629 1707 be
651 1666 670 1704 :
696 1650 827 1706 Haec
865 1652 991 1707 dicit
1020 1652 1250 1709 Sanctus
1292 1663 1341 1709 et
1407 1651 1589 1717 Verus,
1638 1654 1728 1726 qui
1767 1654 1917 1709 habet
1958 1652 2155 1710 clauem

561 1741 756 1809 David,
797 1744 889 1815 qui
919 1746 1086 1815 aperit
1116 1754 1165 1800 et
1206 1762 1355 1801 nemo
1399 1745 1624 1813 claudit,
1666 1745 1867 1801 claudit
1912 1755 1961 1801 et
2006 1762 2154 1801 nemo

561 1833 749 1902 aperit.
783 1831 967 1905 (Vens.
997 1833 1076 1907 8.)
1101 1834 1237 1890 Ecce
1261 1836 1381 1890 dedi
1406 1853 1583 1891 coram
1607 1846 1655 1892 te
1679 1838 1868 1892 ostium
1894 1848 2154 1909 apertum,

2253 643 2398 703 sunt,
2430 635 2556 706 quia
2583 649 2783 691 nomen
2810 634 2955 705 quod
2977 635 3220 690 exterius
3264 634 3561 691 secundum
3605 632 3867 694 litteram

2252 735 2469 801 gerunt,
2500 729 2645 784 intus
2688 728 2983 805 secundum
3012 728 3261 799 spiritum
3289 730 3610 786 amiserunt.
3638 727 3871 790 Judae-

2254 837 2375 877 rum
2396 822 2595 892 quippe
2628 821 2864 878 nominis
2885 822 3186 893 expressio,
3208 820 3410 879 Christi
3446 832 3532 879 est
3554 823 3863 882 confessio.

2253 913 2372 968 Elia
2416 922 2597 969 autem
2622 923 2679 969 et
2704 912 2888 968 Enoch
2929 914 3371 984 praedicantibus,
3398 925 3527 971 ante
3553 917 3724 987 pedes
3750 918 3867 974 Ec-

2251 1006 2430 1064 clesia:
2456 1006 2733 1064 adoraturi
2760 1008 2998 1074 venient,
3039 1008 3172 1079 quia
3201 1009 3430 1065 actionis
3455 1008 3574 1078 ejus
3601 1013 3864 1084 exempla

2254 1100 2516 1156 imitando
2542 1099 2965 1157 venerabantur.
3000 1101 3189 1172 (Vens.
3225 1100 3338 1171 10.)
3370 1100 3639 1168 Quoniam
3677 1121 3865 1159 aerea-

2253 1191 2322 1247 sti
2358 1192 2565 1247 verbum
2600 1190 2889 1262 patientiae,
2934 1198 2991 1246 et
3031 1197 3251 1246 ctetera.
3283 1190 3526 1247 Verbum
3572 1193 3862 1262 patientia

2253 1292 2339 1339 est
2356 1284 2499 1355 quod
2520 1283 2781 1339 Dominus
2800 1282 3047 1354 exemplo
3075 1283 3417 1348 monstravit,
3439 1299 3567 1338 cum
3592 1283 3647 1338 in
3681 1299 3854 1343 cruce

2252 1374 2463 1446 positus
2501 1388 2600 1444 pro
2644 1372 3086 1445 persecutoribus
3132 1374 3329 1437 oravit,
3371 1382 3429 1429 et
3454 1372 3645 1429 verbis
3671 1375 3862 1431 docuit

2254 1464 2478 1522 dicens:
2513 1463 2583 1519 In
2599 1464 2854 1536 patientia
2877 1472 3045 1518 vestra
3064 1462 3395 1534 possidebitis
3417 1463 3629 1518 animos
3658 1474 3858 1521 vestras

2255 1557 2408 1628 (Luc.
2436 1573 2528 1613 xx:
2549 1598 2565 1623 ,
2605 1556 2713 1628 19).
2743 1555 2896 1623 Quod
2922 1564 3103 1611 autem
3136 1555 3403 1627 sequitur,
3429 1564 3480 1610 et
3518 1572 3617 1627 ego
3645 1566 3696 1611 te
3740 1574 3851 1612 ser-

2257 1649 2390 1705 uabo
2439 1650 2504 1705 ab
2534 1649 2666 1703 hora
2699 1648 3005 1703 tentationis
3036 1664 3152 1720 qua:
3188 1656 3406 1702 uentura
3448 1658 3526 1702 est
3574 1648 3634 1701 in
3679 1650 3854 1703 orbein

2258 1746 2560 1801 universum
2583 1753 2786 1799 tentare
2815 1743 3112 1798 habitantes
3142 1743 3198 1797 in
3223 1751 3384 1801 terra.
3419 1743 3493 1797 ad
3527 1741 3852 1800 Antichristi

2258 1848 2504 1910 tempora
2526 1837 2871 1895 referendum
2901 1844 3008 1903 est,
3041 1836 3141 1893 sub
3179 1850 3287 1906 quo
3309 1841 3459 1889 tanta
3490 1836 3600 1891 erit
3628 1835 3856 1891 tribula-

561 1925 700 1995 quod
736 1942 886 1980 nemo
908 1936 1073 1997 potest
1100 1928 1362 1984 claudere.
1392 1929 1598 1986 Idcirco
1623 1930 1884 1986 Dominus
1913 1932 2150 2002 singula-
2182 1923 2228 1984 Β
2257 1932 2357 1999 tio,
2387 1938 2592 2003 quanta
2624 1946 2733 1986 non
2761 1929 2863 1984 fuit
2904 1928 2971 1983 ab
3017 1927 3173 1984 initio
3220 1925 3425 1982 saeculi.
3466 1927 3613 1982 Dura
3656 1929 3856 2000 quippe

562 2014 700 2070 riter
724 2025 944 2073 sanctus
964 2034 1026 2073 ac
1049 2034 1214 2074 verus
1242 2019 1462 2086 dicitur,
1491 2021 1615 2091 quia
1637 2021 1705 2075 ad
1727 2021 1844 2091 ejus
1869 2036 2154 2093 compara-

561 2106 765 2163 tionem
810 2109 987 2165 nullus
1032 2118 1116 2166 est
1143 2120 1365 2167 sanctus
1396 2112 1482 2167 vel
1508 2128 1696 2170 verax.
1750 2112 2022 2184 Scriptum
2071 2120 2157 2169 est

560 2197 707 2253 enim
732 2216 745 2252 :
778 2199 948 2256 Nemo
976 2202 1207 2258 mundus
1238 2219 1270 2257 a
1297 2202 1475 2259 sorde.
1508 2203 1577 2258 Et
1602 2203 1732 2259 item
1761 2220 1773 2256 :
1808 2203 1974 2257 omnis
1998 2203 2151 2258 homo

542 2287 789 2343 mendas:
814 2286 987 2361 (Psal.
1017 2306 1142 2356 cxv,
1178 2290 1291 2362 11).
1318 2291 1537 2347 Clavem
1563 2298 1745 2347 autem
1774 2291 1945 2346 David
1971 2292 2153 2348 incar-

538 2379 836 2436 nationem
858 2381 1236 2454 Redemptoris
1265 2384 1434 2439 nostri
1461 2385 1780 2454 accipimus,
1809 2400 1974 2455 quam
2005 2401 2152 2440 sum-

557 2468 671 2539 psit
687 2486 756 2525 ex
780 2472 984 2528 semine
1012 2474 1200 2529 David.
1231 2474 1441 2531 Ostium
1465 2475 1609 2544 quod
1634 2474 1822 2531 eadem
1843 2475 2011 2531 clavis
2025 2492 2152 2547 ape-

561 2560 636 2614 rit
686 2568 778 2617 aut
821 2562 1050 2629 claudit,
1104 2566 1218 2636 ipse
1281 2574 1367 2622 est
1410 2566 1661 2623 Christus
1700 2585 1713 2634 ;
1754 2565 1912 2637 juxta
1958 2567 2087 2623 illud
2133 2583 2148 2624 :

560 2650 678 2725 Ego
704 2671 820 2710 sum
846 2656 1056 2722 ostium,
1104 2666 1160 2713 et
1196 2664 1415 2713 uetera.
1445 2656 1627 2729 (Joan.
1677 2674 1736 2725 ι,
1783 2658 1861 2731 9.)
1891 2658 1980 2715 Sic
2005 2659 2151 2715 enim

532 2737 732 2795 ~clavis
759 2748 814 2795 et
838 2742 1038 2797 ostium
1067 2742 1206 2797 sicut
1233 2743 1288 2797 in
1331 2742 1623 2815 Evangelio
1661 2750 1865 2815 pastor,
1895 2753 1952 2799 et
1985 2746 2151 2801 ostia-

542 2829 679 2885 .rius
700 2831 859 2886 simul
880 2839 938 2887 et
962 2833 1162 2889 ostium
1191 2842 1433 2890 vocatur.
1458 2834 1669 2891 Ostium
1694 2835 1876 2905 itaque
1898 2839 2157 2907 apertum”

560 2930 648 2977 est
672 2921 919 2993 Christus
946 2927 1239 2982 secundum
1265 2942 1486 2984 carnem
1528 2934 1707 2992 natus,
1746 2936 1803 2983 et
1838 2943 2053 2999 passus,
2082 2943 2148 2985 ac

562 3015 844 3071 die'tertia
874 3017 1200 3084 suscitatus;
1249 3027 1494 3090 apertum
1532 3033 1663 3075 vero
1699 3034 1805 3075 non
1831 3019 2144 3087 incredulis,

560 3109 657 3164 sed
676 3110 1042 3167 credentibus.
1073 3111 1184 3169 Hoc
1212 3114 1413 3169 ostium
1437 3113 1691 3171 claudere
1718 3114 2033 3171 nitebantur
2057 3114 2146 3170 Ju-

526 3199 686 3266 daei,
714 3216 840 3256 cum
861 3203 1018 3258 caesis
1054 3205 1308 3274 apostolis
1350 3202 1657 3262 nuntiarent
1704 3221 1773 3262 ne
1826 3208 1878 3261 in
1929 3208 2146 3263 nomine

2256 2033 2418 2081 erunt
2440 2039 2728 2094 corporum
2754 2022 2998 2084 vulnera,
3028 2019 3122 2075 sed
3148 2019 3399 2090 graviora
3414 2018 3851 2074 adversariorum

2252 2114 2434 2186 jacula
2465 2113 2645 2186 [Cod.,
2668 2109 2975 2183 miracula].
3009 2108 3115 2164 Sed
3144 2108 3320 2163 sancti
3347 2124 3381 2163 a
3420 2108 3715 2164 tentatione
3754 2109 3851 2163 de-

2255 2205 2520 2277 ceptionis
2548 2202 2991 2267 reservabuntur,
3022 2201 3150 2272 quia
3179 2216 3287 2255 non
3322 2200 3747 2270 provocabuntur
3766 2200 3839 2255 ad

2254 2294 2458 2351 Christi
2483 2293 2839 2365 negationem.
2865 2291 3051 2361 (Vens,
3085 2288 3197 2362 11.)
3227 2287 3393 2343 Venio
3416 2289 3535 2355 cito,
3566 2297 3685 2342 tene
3702 2288 3844 2359 quod

2252 2385 2430 2441 habes.
2460 2385 2581 2442 Cito
2598 2400 2657 2440 se
2670 2383 2930 2457 Dominus
2948 2389 3237 2437 venturum
3254 2380 3409 2444 dicit,
3425 2394 3494 2434 ne
3516 2378 3647 2449 quis
3662 2378 3722 2433 in
3740 2393 3854 2433 cer.

2255 2475 2457 2531 tamine
2475 2474 2751 2531 deﬁceret.
2769 2474 2887 2530 Cito
2899 2472 3043 2528 enim
3056 2470 3125 2543 ﬁt
3155 2486 3316 2527 omne
3330 2468 3474 2541 quod
3504 2467 3734 2523 transit.
3749 2467 3849 2523 Te-

2252 2584 2384 2625 nere
2420 2575 2602 2623 autem
2629 2567 2777 2622 illum
2802 2566 3057 2622 admonet
3079 2564 3316 2621 caelestis
3333 2564 3460 2618 vita:
3482 2563 3853 2618 conversatio-

2251 2672 2400 2724 nem,
2437 2666 2494 2713 et
2525 2657 2703 2713 reddit
2748 2671 2993 2723 causam,
3026 2653 3356 2727 subjungens
3389 2672 3402 2708 :
3447 2663 3509 2707 ut
3536 2669 3695 2708 nemo
3722 2652 3853 2708 alius

2250 2748 2474 2819 accipiat
2512 2763 2761 2802 coronam
2803 2755 2970 2801 tuam.
3017 2745 3077 2801 In
3101 2761 3209 2816 qua
3246 2744 3522 2800 sententia
3552 2742 3850 2799 electorum

2248 2854 2535 2894 numerum
2580 2845 2792 2895 certum
2820 2853 2886 2893 ac
2922 2837 3203 2894 deﬁnitum
3228 2835 3474 2891 videmus
3517 2835 3845 2907 complecti;

2250 2929 2514 3000 stupenda
2550 2943 2776 2999 prorsus
2806 2927 3241 2984 consideratione
3279 2926 3583 2989 intuentes,
3608 2926 3852 2983 huicnec

2244 3018 2367 3074 addi
2403 3034 2729 3090 quemquam
2770 3033 2928 3089 posse
2962 3034 3064 3075 nec
3116 3018 3312 3073 minui.

2319 3106 2484 3163 Vsus.
2508 3106 2593 3161 12.
2617 3138 2687 3147 —
2704 3107 2808 3174 Qui
2830 3108 3028 3174 vicerit,
3059 3108 3253 3179 faciam
3279 3106 3433 3161 illum
3459 3107 3772 3163 columnam
3798 3110 3851 3163 in

2246 3196 2436 3269 templo
2468 3197 2565 3251 Dei
2605 3198 2726 3253 mei.
2758 3197 3037 3267 Templum
3065 3198 3161 3253 Dei
3200 3197 3443 3253 Ecclesia
3469 3206 3583 3265 est,
3605 3196 3768 3267 juxta
3792 3198 3852 3252 il-

558 3288 687 3345 Jesu
713 3290 1092 3363 loquerentur;
1122 3296 1215 3351 sed
1238 3297 1362 3366 quia
1393 3297 1484 3353 illo
1509 3300 1783 3368 aperiente
1809 3314 1968 3353 nemo
2001 3299 2148 3354 clau.
2168 3287 2219 3351 C
2249 3292 2340 3346 lud
2364 3309 2378 3345 :
2411 3290 2679 3361 Templum
2703 3291 2801 3345 Dei
2828 3301 3068 3347 sanctum
3093 3300 3169 3346 est
3196 3291 3335 3363 quod
3356 3291 3479 3346 estis
3512 3309 3602 3347 vos
3636 3291 3695 3365 (Ι
3731 3291 3848 3346 Cor.

559 3380 660 3447 dit,
717 3384 972 3440 continuo
1021 3389 1460 3458 responderunt:
1530 3390 1656 3445 Non
1705 3408 1982 3462 possumus
2048 3407 2147 3448 nos

560 3488 678 3543 qui:
701 3473 995 3531 audivimus
1041 3494 1146 3533 non
1174 3478 1316 3551 loqui
1343 3480 1478 3553 (Act.
1526 3497 1601 3549 Iv,
1641 3482 1754 3554 20).
1792 3482 1905 3538 Hoc
1933 3482 2148 3540 Asianis

563 3561 809 3620 clausum
859 3568 1086 3637 apostoli
1130 3572 1342 3641 aperire
1369 3579 1747 3638 tentaverant;
1793 3574 1887 3629 sed
1926 3575 2052 3645 quia
2081 3590 2149 3630 eo

560 3654 846 3712 claudente
873 3674 1031 3714 nemo
1056 3661 1250 3730 aperit,
1296 3662 1575 3732 prohibuit
1599 3677 1695 3718 eos
1736 3662 1959 3733 spiritus
1996 3662 2144 3718 Jesu.

558 3744 745 3802 Potest
770 3755 825 3802 et
851 3764 948 3818 per
979 3752 1169 3806 ostium
1200 3762 1438 3823 apertum
1466 3751 1748 3824 Scriptura
1779 3752 2021 3823 intelligi,
2050 3768 2149 3823 per

524 3874 527 3877 -
559 3854 723 3908 quam
763 3839 886 3896 ﬁdei
911 3842 1187 3913 gressibus
1215 3844 1285 3899 ad
1323 3843 1597 3901 Christum
1646 3844 1930 3899 intramus.
1960 3845 2149 3915 Aperit

558 3930 744 4002 itaque
785 3933 985 3989 ostium
1012 3935 1164 3991 clave
1208 3936 1400 4002 David,
1450 3943 1506 3992 et
1551 3950 1711 3992 nemo
1754 3934 1976 4000 claudit,
2021 3935 2149 4006 quia

561 4021 855 4093 Scriptura:
894 4041 1065 4083 sacra:
1106 4028 1343 4099 eloquia,
1372 4043 1493 4098 qua:
1518 4044 1618 4099 per
1641 4029 1871 4099 gratiam
1899 4028 2149 4084 incarna-

522 4142 529 4171 :
557 4115 720 4171 tionis
748 4131 858 4172 suae
886 4117 1088 4175 electos
1130 4119 1445 4190 spiritaliter
1473 4119 1772 4190 intelligere
1799 4118 1952 4186 facit,
2000 4118 2147 4174 nullo

555 4204 864 4263 «Iudaeorum
894 4209 1160 4266 velamine
1200 4211 1254 4265 in
1299 4226 1490 4267 eorum
1535 4210 1790 4266 cordibus
1819 4196 2148 4266 adumbrare

558 4296 722 4352 valet.
767 4298 811 4353 E
838 4301 1112 4357 contrario
1159 4299 1359 4359 Iudaeis
1396 4315 1503 4356 non
1547 4299 1894 4358 credentibus
1921 4301 2145 4368 claudit,

562 4396 619 4441 et
638 4405 667 4442 a
697 4406 969 4462 quoquam
1004 4392 1203 4462 aperiri
1231 4408 1336 4448 non
1364 4399 1562 4463 potest.
1594 4391 1707 4448 Hoc
1733 4394 1900 4448 etiam
1922 4393 2146 4448 morali-

520 4488 643 4539 ;ter
670 4481 866 4537 discuti
892 4483 1073 4539 valet:
1120 4485 1244 4554 quia
1283 4483 1541 4539 modicam
1587 4483 1744 4539 habes
1792 4485 2055 4551 uirtutem,
2098 4493 2148 4539 et

554 4573 776 4626 seruasti
804 4572 1015 4627 verbum
1055 4589 1251 4640 meum,
1291 4584 1339 4629 et
1368 4590 1473 4629 non
1502 4574 1703 4645 negasti
1733 4590 1920 4630 nomen
1948 4592 2142 4632 meum.

2248 3398 2346 3448 lit,
2390 3382 2501 3454 17).
2550 3383 2616 3436 Ει
2664 3383 2791 3452 quia
2831 3397 2937 3437 non
2982 3382 3155 3437 solum
3198 3381 3609 3453 praedicatores,
3661 3382 3760 3437 sed
3796 3389 3851 3436 et

2247 3477 2373 3533 boni
2401 3477 2698 3543 auditores,
2736 3477 2803 3532 de
2832 3478 3054 3548 antiquo
3095 3479 3250 3534 hoste
3279 3478 3656 3549 triumphant;
3691 3487 3851 3547 atque

2250 3569 2304 3624 in
2334 3571 2438 3626 hoc
2459 3570 2728 3626 versiculo
2763 3571 2941 3626 omnis
2967 3572 3057 3641 qui
3091 3571 3303 3637 vicerit,
3329 3570 3589 3626 columna
3617 3571 3675 3626 in
3717 3578 3851 3626 tem-

2247 3663 2336 3734 plo
2361 3664 2458 3719 Dei
2497 3664 2615 3719 ﬁeri
2645 3664 2980 3734 perhibetur,
3012 3664 3172 3721 fateri
3203 3665 3447 3736 cogimur
3475 3666 3583 3721 hoc
3608 3680 3737 3721 esse
3759 3678 3853 3720 co-

2247 3754 2485 3809 lumnam
2523 3756 2667 3825 quod
2722 3755 3003 3827 templum,
3054 3758 3108 3812 id
3143 3766 3229 3813 est
3255 3757 3628 3813 universalem
3661 3756 3849 3813 Eccle-

2249 3847 2403 3903 siam.
2436 3847 2496 3903 In
2521 3863 2587 3904 eo
2614 3864 2745 3905 vero
2767 3851 2911 3920 quod
2936 3851 3224 3907 subditur:
3272 3860 3321 3905 et
3359 3852 3505 3923 foras
3541 3868 3653 3906 non
3698 3868 3846 3922 egre-

2248 3942 2424 3997 dietur
2449 3941 2697 4012 amplius,
2728 3950 2913 4014 aperte
2950 3945 3253 4000 ostenditur
3278 3945 3404 4015 quia
3438 3944 3689 4000 Ecclesia
3708 3943 3850 4013 jam-

2218 4078 2221 4081 .
2248 4031 2458 4104 pridem
2493 4031 2548 4086 in
2566 4030 2782 4113 juniore
2805 4032 2973 4088 fratre
2996 4032 3065 4088 ab
3097 4034 3305 4090 unitate
3333 4033 3457 4090 ﬁdei
3485 4044 3545 4090 et
3573 4036 3849 4106 operatio-

2249 4128 2356 4192 nis,
2417 4143 2579 4198 quam
2617 4128 2673 4183 in
2695 4129 2974 4200 prophetis
3015 4130 3115 4184 sub
3138 4128 3256 4199 lege
3279 4129 3473 4195 tenuit,
3500 4130 3573 4185 ad
3596 4143 3847 4184 errorem

2246 4217 2488 4288 perﬁdiae
2515 4228 2570 4273 et
2601 4234 2782 4289 pravae
2820 4220 3049 4276 actionis
3077 4222 3399 4284 transierat;
3440 4221 3538 4276 sed
3568 4221 3849 4277 occisione

2212 4308 2403 4364 .vituli
2433 4311 2665 4382 saginati
2713 4319 2930 4382 recepta
2967 4322 3070 4369 est.
3115 4312 3306 4378 Aliter,
3339 4313 3392 4369 in
3439 4313 3616 4368 Adam
3654 4329 3850 4370 omnes

2247 4401 2516 4459 exivimus
2571 4413 2682 4458 tam
2720 4402 2891 4460 Judaei
2928 4420 3090 4476 quam
3135 4414 3352 4476 gentes;
3402 4406 3497 4462 sed
3542 4405 3850 4461 introducti

2249 4495 2486 4551 victores
2513 4495 2581 4551 ad
2604 4497 2901 4552 secundum
2926 4495 3121 4563 Adam,
3148 4497 3396 4553 columna
3426 4495 3613 4568 templi
3640 4497 3743 4551 Dei
3766 4496 3852 4552 ef-

2250 4583 2494 4652 ﬁcimur;
2544 4587 2671 4656 quia
2724 4601 2821 4658 per
2863 4586 3184 4657 sanguinem
3225 4586 3468 4656 ejusdem
3519 4587 3851 4643 mediatoris

567 4659 668 4723 Hic
710 4674 815 4733 non
856 4676 1022 4730 parva
1064 4663 1239 4718 oritur
1266 4665 1520 4735 quaestio;
1575 4665 1843 4734 quomodo
1879 4667 2148 4724 modicam
2172 4648 2228 4711 D
2254 4648 2742 4746 nostri,'antiqui-
2773 4676 2943 4733 hostis
2964 4648 3303 4732 tentamenta
3354 4684 3700 4747 superantes,
3752 4675 3846 4731 illa

518 4790 527 4793 -
556 4749 762 4811 habeat
802 4751 1080 4820 virtutem,
1109 4755 1200 4825 qui
1229 4755 1453 4812 verbum
1481 4756 1577 4811 Dei
1608 4764 1810 4822 servat,
1848 4766 1907 4812 et
1949 4773 2146 4816 nomen

516 4894 525 4915 γ
555 4840 673 4910 ejus
700 4857 807 4897 non
836 4853 1016 4915 negat.
1046 4844 1335 4903 Sciendum
1363 4848 1529 4919 igitur
1559 4848 1686 4919 quia
1716 4845 1873 4916 juxta
1912 4850 2146 4905 aestima-

518 4972 527 4981 .
559 4934 763 4989 tionem
784 4992 785 4995 η
804 4935 1051 4991 humanae
1096 4935 1427 4994 inﬁrmitatis
1452 4938 1655 4994 dictum
1695 4947 1801 5004 est,
1832 4939 1958 5009 quia
1986 4939 2144 4995 electi

518 5060 521 5067 ι
554 5036 681 5079 cum
728 5024 896 5081 multa
934 5041 1034 5097 per
1057 5027 1333 5083 Christum
1366 5036 1608 5099 possunt,
1649 5043 1840 5099 parum
1890 5044 1947 5083 se
1984 5044 2144 5099 posse

554 5124 904 5182 praesumunt.
947 5114 1037 5173 Sic
1065 5118 1209 5174 enim
1237 5119 1454 5184 dicitur,
1492 5120 1753 5174 modicam
1794 5119 1951 5174 habes
1979 5120 2144 5175 uirtu-

2252 4766 2626 4822 mandatorum
2664 4767 2957 4822 stabilitate
2983 4767 3039 4821 in
3070 4782 3304 4839 superna
3330 4773 3645 4821 sanctorum
3666 4766 3847 4837 gloria

2251 4863 2566 4931 solidamur,
2605 4879 2768 4934 quam
2812 4864 2867 4919 in
2897 4863 3071 4934 primo
3116 4862 3288 4918 Adam
3336 4861 3587 4916 amisisse
3633 4863 3847 4931 proba-

2251 4972 2390 5011 mur.
2455 4955 2563 5012 Sed
2622 4970 2963 5025 nequaquam
3009 4954 3240 5024 amplius
3298 4952 3445 5008 foras
3501 4952 3846 5022 egredimur,

2248 5047 2375 5116 quia
2400 5046 2561 5101 nullis
2583 5046 2786 5102 inimici
2813 5046 3158 5102 suasionibus
3187 5045 3255 5100 ab
3279 5045 3366 5101 illa
3388 5044 3628 5101 caelestis
3649 5044 3851 5114 patria

2247 5138 2521 5194 communi
2546 5138 2801 5195 felicitate
2827 5139 3143 5194 avellemur.
3180 5138 3251 5193 Et
3275 5147 3402 5193 nota
3428 5137 3556 5207 quia
3581 5136 3761 5191 Deum
3784 5152 3849 5193 se

514 5212 681 5270 .tem,
721 5216 977 5277 tanquam
1024 5208 1316 5275 diceretur,
1368 5223 1592 5279 parvam
1639 5218 1688 5265 te
1731 5220 1890 5282 putas
1935 5211 2140 5270 habere

2249 5228 2372 5284 dicit
2420 5229 2640 5295 habere,
2698 5230 2993 5285 secundum
3034 5228 3429 5283 humanitatem
3473 5225 3730 5295 loquens.
3769 5225 3845 5286 Et

518 5314 525 5361 Ξ
556 5300 838 5363 "FW-em-
2220 5321 2464 5380 .scribam
2480 5338 2637 5393 super
2659 5320 2810 5375 illum
2831 5337 3018 5376 nomen
3046 5320 3145 5375 Dei
3168 5320 3286 5386 mei,
3311 5330 3362 5375 et
3390 5335 3579 5374 nomen
3605 5318 3845 5373 civitatis

625 5401 797 5471 Vsus.
818 5403 873 5460 9.
910 5434 982 5446 —
1018 5404 1155 5460 Ecce
1180 5405 1318 5461 dabo
1354 5407 1419 5462 de
1456 5423 1721 5479 synagoga
1762 5408 2002 5477 Satanat,
2048 5426 2137 5483 qut
2237 5410 2337 5465 Dei
2364 5411 2466 5465 mei
2493 5427 2638 5466 nova:
2682 5410 3017 5467 Hierusalem
3047 5428 3165 5483 qua:
3206 5410 3472 5466 descendit
3515 5410 3583 5464 de
3629 5409 3768 5464 caelo
3805 5428 3845 5465 α

514 5542 517 5543 ν
552 5510 608 5549 se
645 5493 827 5551 dicunt
866 5513 976 5551 esse
993 5496 1243 5565 Ἰωάσου,
1283 5509 1332 5555 et
1362 5517 1468 5556 non
1497 5509 1638 5564 sunt,
1666 5501 1757 5554 sed
1785 5502 2130 5558 mentiuntur.
2235 5502 2346 5560 Deo
2373 5520 2509 5568 meo,
2537 5513 2584 5559 et
2607 5520 2792 5559 nomen
2811 5519 2983 5557 meum
3013 5520 3220 5558 novum.
3253 5502 3437 5575 (Vens.
3465 5501 3578 5573 l3.)
3616 5501 3725 5567 Qui
3747 5502 3848 5558 Isa-

554 5586 697 5659 Ecce‘
720 5587 914 5657 faciam
942 5588 1061 5644 illos
1110 5598 1166 5644 ut
1208 5592 1436 5659 veniant,
1479 5602 1528 5648 et
1577 5591 1809 5647 adorent
1824 5603 1944 5648 ante
1982 5594 2137 5665 pedes
2244 5593 2325 5648 bet
2353 5610 2531 5659 aures,
2571 5595 2754 5649 audiat
2789 5594 2915 5666 quid
2948 5590 3175 5666 Spiritus
3212 5594 3355 5647 dicat
3396 5591 3672 5647 Eeclesiis.
3720 5590 3843 5647 No-

553 5692 693 5747 tuos,
718 5693 769 5738 et
790 5683 954 5739 scient
980 5684 1234 5754 quoniam
1268 5696 1373 5755 ego
1407 5686 1568 5742 dilexi
1596 5695 1664 5741 te.
1710 5684 1826 5740 Hoc
1853 5684 1971 5740 loco
2001 5686 2136 5757 ﬁdes
2242 5702 2366 5742 men
2393 5686 2571 5743 Patris
2607 5703 2766 5759 supra
2793 5688 3099 5744 vincentem
3142 5688 3327 5754 scribi,
3352 5695 3437 5743 est
3459 5702 3558 5757 per
3582 5686 3843 5756 adoptio-

508 5788 515 5797 τ
552 5773 865 5842 przedicitur
889 5772 1216 5841 Iudaeorum,
1247 5774 1402 5846 juxta
1440 5777 1573 5855 illud
1601 5793 1615 5832 :
1660 5776 1823 5831 donec
1865 5775 2132 5845 plenitudo
2239 5792 2363 5833 nem
2393 5777 2626 5849 Spiritus
2661 5778 2857 5834 Filium
2889 5780 3005 5850 ejus
3024 5778 3182 5835 eﬁici.
3213 5778 3330 5847 Quo
3353 5779 3500 5833 enim
3528 5776 3668 5848 style
3689 5776 3842 5841 scri-

553 5866 782 5922 aentium
808 5867 1056 5938 introeat,
1084 5878 1133 5923 et
1154 5869 1229 5924 sic
1255 5870 1424 5925 omnis
1445 5870 1614 5925 Israel
1631 5871 1726 5941 ﬁat
1747 5872 1920 5925 salvus
1948 5867 2126 5941 (Rom.
2190 5940 2195 5945 η
2238 5869 2407 5938 bitur,
2437 5869 2540 5926 nisi
2578 5870 2859 5928 amborum
2898 5872 3070 5943 gratia
3110 5871 3377 5944 Spiritus?
3406 5868 3560 5927 Unde
3590 5871 3836 5940 Aposto-
