4088 6330
231 410 371 476 1115¹

1000 404 1408 477 EXEGETICA.
1448 434 1520 483 -έ-
1555 405 1909 465 COMMENT.
1949 407 2017 466 ΙΝ
2054 406 2351 469 APOCAL.
2390 439 2461 452 —
2495 408 2626 467 LIB.
2665 410 2753 467 Ill.

3344 410 3488 472 1111

223 534 307 593 lus
333 548 347 586 :
376 528 500 602 Ipse
527 523 758 600 Spiritus
800 524 1151 581 testimonium
1179 522 1348 578 reddit
1368 523 1577 595 spiritui
1623 532 1799 580 nostra
1823 529 1880 589 Λ
1901 534 1952 581 et
1991 541 2113 583 ecce
2154 528 2297 599 facta
2323 536 2446 583 sunt
2471 527 2646 581 omnia
2686 540 2816 582 nova
2850 472 2940 598 (‘II
2963 522 3087 581 Cor.
3113 538 3169 591 v,
3211 523 3323 597 17).
3356 524 3486 583 Hie-

223 626 360 702 quod
389 638 568 680 sumus
592 622 691 693 ﬁlii
733 620 830 676 Dei
872 618 1073 693 (Rom.
1100 634 1229 684 vui,
1289 616 1399 691 16).
1458 617 1796 673 Hierusalem

222 731 369 783 vero,
397 715 535 770 visio
565 714 713 784 pacis
750 712 1135 783 interpretatur
1153 751 1169 777 ,
1199 725 1319 781 quae
1348 711 1414 766 de
1446 710 1583 767 caelo
1621 727 1653 765 a
1684 711 1795 767 Deo

223 807 542 865 descendere
585 805 920 876 perhibetur,
984 805 1109 875 quia
1163 804 1457 860 electorum
1519 803 1757 861 Ecclesia
1775 847 1791 872 ,

221 915 338 971 quae
388 900 455 953 ad
500 898 765 954 visionem
821 910 1066 967 supernae
1111 895 1260 965 pacis
1305 895 1554 965 passibus
1588 894 1793 951 amoris

220 988 409 1055 tendit,
440 1005 563 1045 cum
602 988 851 1054 Domino,
894 988 1046 1058 cujus
1088 1001 1287 1056 corpus
1323 993 1429 1051 est,
1477 985 1532 1038 in
1574 992 1790 1039 uterum

217 1081 453 1151 Virginis
500 1082 878 1151 praedestinata
922 1080 1242 1137 descendit:
1279 1079 1365 1135 vel
1410 1079 1534 1148 quia
1583 1078 1790 1135 caelesti

213 1172 385 1245 gratia
417 1172 657 1242 quotidie
696 1169 812 1241 ejus
840 1186 1100 1227 numerus
1136 1178 1381 1241 augetur.
1432 1167 1578 1223 Nova
1609 1176 1805 1227 autem.

211 1262 330 1318 ideo
373 1269 621 1328 vocatur,
670 1263 795 1332 quia
841 1276 940 1332 per
975 1260 1303 1330 baptismum
1343 1267 1399 1313 et
1443 1256 1789 1313 dilectionem

212 1351 413 1406 terreni
442 1351 676 1407 hominis
704 1359 971 1407 vetustate
997 1349 1350 1420 exspoliatur,
1377 1358 1432 1403 et
1461 1347 1668 1404 cmlesti
1692 1362 1791 1402 no-

209 1441 373 1497 vitate
396 1442 647 1498 vestitur.
703 1441 856 1498 Unde
883 1450 968 1499 est
1018 1441 1192 1499 illud:
1230 1441 1550 1496 transierunt
1595 1448 1790 1505 vetera,

1901 618 2144 677 rusalem
2172 636 2301 691 ergo
2330 636 2525 677 nomen
2551 634 2713 690 super
2745 618 3010 673 victorem
3051 618 3330 685 scribitur,
3359 636 3487 676 cum

1900 720 2214 773 sanctorum
2249 728 2473 769 numero
2494 713 2751 768 sociatur.
2784 709 2936 766 Unde
2963 709 3119 765 nobis
3159 710 3275 766 haec
3301 710 3489 769 omnia

1899 804 2029 868 sint,
2057 805 2302 877 aperitur
2328 817 2455 861 cum
2469 799 2720 860 subditur
2741 843 2755 866 ,
2785 809 2834 855 et
2859 816 3046 854 nomen
3076 815 3248 854 meum
3271 816 3485 868 novum,

1898 892 2242 961 subauditur,
2269 893 2543 959 scribam;
2580 891 2710 947 illud
2738 891 2943 946 scilicet
2964 888 3108 959 quod
3154 889 3328 944 eidem
3372 904 3486 946 me-

1897 987 2098 1053 diatori
2143 986 2373 1043 accessit
2402 980 2475 1041 ex'
2504 992 2769 1054 tempore,
2819 983 2873 1040 id
2908 990 2992 1038 est
3033 981 3299 1038 Christus.
3347 981 3485 1039 Hinc

1894 1077 2058 1134 nobis
2086 1078 2335 1148 dignitas,
2360 1078 2487 1133 hinc
2505 1075 2767 1132 celsitudo
2795 1074 3064 1147 provenit,
3092 1074 3219 1129 hinc
3239 1072 3334 1129 ﬁlii
3363 1073 3482 1141 Dei,

1894 1166 2026 1224 hinc
2049 1184 2187 1224 nova
2227 1166 2584 1234 Hierusalem,
2627 1167 2752 1223 hinc
2773 1165 3066 1222 Christiani
3086 1179 3359 1220 vocamur.
3380 1164 3485 1236 Igi-

1896 1266 1991 1315 tur
2015 1260 2107 1316 ubi
2148 1260 2314 1316 totius
2346 1275 2555 1317 summa
2585 1258 2774 1316 salutis
2797 1266 2973 1326 sonat,
3000 1256 3075 1313 ibi
3097 1257 3317 1314 tandem
3346 1254 3487 1317 liber

1897 1348 2143 1408 debitum
2168 1351 2331 1408 ﬁnem
2351 1350 2602 1409 acciuiat.
2685 1404 2691 1410 .

221 1587 3477 1614 Μ

1425 1680 1724 1759 LIBER
1777 1678 2256 1757 TERTIUS.

269 1866 441 1922 Vens.
478 1863 567 1920 14.
587 1856 677 1905 ’-
699 1862 771 1917 Et
799 1861 984 1935 angelo
1010 1858 1272 1914 Laodicia:
1298 1856 1549 1913 Ecclesiae
1584 1855 1747 1910 scribe
1768 1868 1787 1906 :
1819 1855 1870 1918 Β
1894 1853 2086 1908 dorum
2112 1853 2337 1923 quilibet
2364 1868 2475 1909 non
2502 1853 2770 1925 intelligit,
2800 1863 2946 1910 recte
2972 1857 3158 1923 miser,
3180 1863 3234 1911 et
3254 1854 3480 1911 misera-

205 1961 332 2017 Hazc
352 1959 483 2014 dicit
508 1972 527 2011 :
556 1956 743 2023 Amen,
769 1956 915 2010 testis
943 1952 1115 2023 ﬁdelis
1143 1958 1193 2005 et
1221 1966 1393 2015 verus,
1434 1948 1523 2021 qui
1544 1956 1619 2002 est
1645 1945 1793 2018 prin-
1891 1942 2037 2008 bilis,
2069 1951 2124 1997 et
2147 1958 2372 2013 pauper,
2400 1950 2456 1998 et
2478 1944 2653 1998 nudus
2677 1953 2733 1999 et
2766 1961 2942 2001 caecus
2968 1963 2999 2000 a
3039 1942 3267 2002 Domino
3290 1948 3481 2002 redar-

202 2052 395 2123 cipium
432 2057 688 2104 creaturae
736 2044 854 2100 Dei.
902 2044 1091 2108 Amen,
1138 2056 1329 2096 verum
1381 2039 1787 2110 interpretatur,

198 2143 343 2211 quod
366 2140 439 2195 ad
469 2139 614 2195 illam
654 2136 949 2193 Veritatem
991 2132 1341 2204 redigendum
1381 2138 1465 2186 est
1494 2144 1613 2199 quae
1642 2129 1708 2183 de
1731 2143 1790 2183 se

199 2234 317 2304 ipsa
344 2233 459 2287 ait:
488 2230 599 2301 Ego
621 2245 737 2283 sum
763 2228 948 2282 veritas
973 2224 1155 2298 (Joan.
1198 2239 1308 2287 XIV,
1335 2221 1411 2292 6).
1446 2220 1583 2276 Cum
1607 2229 1789 2275 autem

197 2322 464 2377 Dominus
500 2317 699 2373 multos
744 2323 800 2372 et
840 2315 1026 2369 ﬁdeles
1072 2321 1128 2368 et
1159 2327 1318 2367 veros
1357 2312 1559 2367 habeat
1600 2318 1785 2377 testes,

197 2420 322 2479 apte
360 2407 706 2480 singulariter
752 2406 867 2476 ipse
902 2403 1076 2483 ﬁdelis
1113 2409 1169 2457 et
1194 2416 1357 2456 verus
1404 2399 1626 2466 dicitur,
1659 2400 1787 2470 quia

196 2503 252 2557 in
305 2501 426 2572 ejus
476 2498 880 2573 comparatione
920 2496 1098 2551 nullus
1150 2502 1234 2551 est
1272 2493 1448 2549 ﬁdelis
1498 2501 1554 2548 et
1579 2509 1783 2549 verax:

195 2593 288 2648 ille
310 2592 456 2646 enim
487 2597 679 2646 natura
715 2587 908 2653 ﬁdelis,
953 2595 1008 2641 et
1045 2601 1233 2650 verax,
1259 2591 1316 2639 et
1359 2584 1533 2639 bonus
1557 2592 1658 2649 est,
1688 2599 1786 2641 nos

193 2697 327 2738 vero
355 2681 473 2754 ejus
499 2678 934 2751 participatione.
964 2675 1242 2744 Quomodo
1268 2688 1396 2730 vero
1434 2673 1581 2729 solus
1616 2672 1786 2729 Filius

194 2772 351 2828 testis
380 2772 610 2834 dicatur,
650 2785 775 2825 cum
821 2776 933 2823 tres
978 2766 1089 2822 sint
1133 2765 1226 2836 qui
1281 2764 1654 2820 testimonium
1703 2765 1786 2820 di-

193 2870 346 2927 cunt,
385 2860 440 2916 in
472 2861 645 2931 primo
674 2860 813 2915 libro
832 2859 947 2929 jam
965 2857 1168 2912 dictum
1196 2863 1299 2911 est.
1331 2852 1660 2925 Principium
1692 2856 1785 2911 de-

194 2953 359 3023 nique
378 2947 641 3007 creaturae
669 2951 764 3006 Dei
787 2949 958 3005 Filius
981 2947 1201 3013 dicitur,
1219 2946 1346 3017 quia
1373 2946 1441 3002 ab
1469 2945 1562 3001 illo
1584 2946 1786 3003 habent

190 3055 386 3103 cuncta
402 3046 668 3103 existendi
680 3045 911 3100 initium.
930 3044 1089 3109 Nam,
1105 3044 1243 3099 sicut
1260 3042 1519 3112 scriptum
1531 3049 1614 3097 est
1633 3061 1644 3095 :
1664 3040 1786 3096 0m-

191 3139 279 3193 nia
307 3157 403 3210 per
428 3140 599 3211 ipsum
625 3138 765 3209 facta
787 3146 906 3193 sunt
930 3136 1111 3209 (Joan.
1134 3152 1184 3200 ι,
1211 3134 1288 3207 5).
1314 3133 1500 3206 (Vens.
1529 3132 1640 3203 15.)
1658 3131 1782 3189 Scio

1890 2034 2103 2104 guitur;
2136 2034 2321 2098 miser,
2348 2033 2474 2103 quia
2491 2034 2839 2105 semetipsum
2868 2035 3097 2106 decipit;
3128 2036 3479 2104 miserabilis,

1889 2125 2015 2193 quia
2043 2140 2151 2180 non
2174 2125 2308 2179 illud
2332 2123 2597 2194 intelligit,
2632 2126 2776 2195 quod
2808 2142 2866 2181 se
2897 2128 3071 2197 ipsum
3103 2128 3311 2194 illudit;
3345 2144 3480 2199 pau-

1888 2229 1988 2285 per
2021 2221 2075 2269 et
2102 2215 2299 2280 nudus,
2330 2214 2457 2283 quia
2494 2215 2639 2270 veris
2668 2217 2959 2272 virtutibus
2995 2234 3227 2285 vacuus;
3272 2220 3366 2274 sed
3386 2234 3480 2291 pe-

1881 2305 1972 2376 jus
1997 2307 2123 2377 quia
2152 2322 2253 2362 nec
2298 2308 2569 2374 conscius,
2617 2308 2759 2364 unde
2800 2318 2857 2365 et
2901 2311 3097 2366 merito
3123 2327 3318 2368 aecus.
3370 2311 3480 2368 Sed

1887 2401 2014 2471 quia
2039 2400 2219 2455 divina
2245 2401 2421 2471 pietas
2447 2400 2656 2470 aliquos
2689 2417 2757 2455 ex
2785 2402 2979 2473 tepidis
3005 2404 3072 2458 ad
3101 2402 3367 2459 fervorem
3387 2401 3480 2473 ju-

1875 2494 2049 2549 stitiat
2076 2501 2257 2559 vocat,
2303 2501 2453 2548 recte
2491 2492 2837 2565 subiungitur
2879 2508 2893 2547 :
2924 2494 3110 2568 (Vens.
3144 2495 3235 2568 18)
3266 2494 3475 2551 Suadeo

1885 2586 1979 2640 tibi
2009 2602 2177 2641 emere
2201 2601 2393 2639 aurum
2418 2585 2642 2656 ignitum
2666 2585 2967 2656 probatum,
2998 2594 3056 2639 ut
3083 2585 3311 2657 locuples
3348 2586 3472 2656 fias.

1882 2678 1989 2735 Per
2014 2695 2206 2735 aurum
2231 2679 2338 2734 hoc
2365 2678 2485 2734 loco
2524 2678 2808 2733 incarnata
2839 2677 2935 2733 Dei
2973 2678 3242 2749 sapientia
3276 2677 3476 2733 intelli-

1884 2772 2048 2844 gitur,
2070 2771 2137 2827 de
2157 2786 2263 2841 qua
2289 2768 2417 2824 alibi
2442 2768 2645 2823 dicitur
2669 2783 2684 2821 :
2713 2766 2955 2839 Accipite
2984 2768 3305 2838 sapientiam
3333 2767 3477 2823 sicut

1884 2879 2097 2921 aurum.
2136 2863 2206 2917 Et
2240 2863 2378 2917 bene
2430 2862 2535 2916 hoc
2576 2876 2769 2915 aurum
2812 2864 3099 2930 probatum
3149 2868 3204 2916 et
3246 2859 3476 2932 ignitum

1882 2964 2123 3021 vocatur,
2166 2955 2292 3026 quia
2318 2954 2648 3024 Redemptor
2676 2953 3013 3026 nosterigne
3046 2953 3315 3024 passionis
3340 2968 3470 3009 exa-

1882 3038 2118 3110 minatus
2156 3060 2258 3107 est.
2302 3052 2370 3106 Et
2402 3058 2485 3106 est
2523 3065 2755 3105 sensus:
2806 3048 2864 3104 Si
2891 3048 2976 3103 vis
3003 3047 3296 3104 virtutibus
3324 3048 3477 3104 dives

1882 3144 2138 3207 existere,
2171 3156 2256 3196 me
2278 3141 2598 3195 imitandum
2625 3154 2862 3205 assume,
2895 3145 2954 3192 ut
2992 3138 3090 3192 ﬁas
3126 3145 3182 3192 et
3219 3137 3333 3206 ipse
3376 3151 3474 3190 au-

187 3247 346 3301 opera
370 3241 485 3297 tua,
511 3230 634 3302 quia
658 3246 817 3301 neque
840 3227 1063 3299 frigidus
1090 3242 1163 3291 es,
1194 3241 1356 3295 neque
1401 3222 1626 3277 calidus.
1661 3220 1775 3276 Uti-

1881 3228 2001 3292 rum
2052 3236 2176 3305 igne
2225 3240 2527 3288 excoctum.
2570 3231 2638 3284 Et
2678 3231 2820 3300 quod
2849 3244 2956 3300 pro
2978 3229 3081 3284 hoc
3109 3241 3242 3282 auro
3270 3241 3472 3297 pauper

186 3339 307 3379 nam
348 3324 554 3380 calidus
600 3339 759 3389 esses,
806 3330 899 3376 aut
954 3318 1211 3391 frigidus!
1260 3316 1448 3387 (Vens.
1506 3312 1618 3386 16.)
1671 3313 1776 3369 Sed

181 3413 307 3483 quia
334 3413 543 3484 tepidus
568 3430 641 3478 es,
682 3422 730 3467 et
757 3429 848 3466 nec
870 3409 1115 3481 frigidus,
1154 3423 1247 3461 nec
1274 3404 1501 3472 calidus,
1526 3404 1775 3475 incipiam

180 3514 230 3559 te
256 3523 494 3561 evomere
522 3522 585 3560 ea:
610 3522 698 3559 ore
718 3519 851 3558 meo.
880 3500 1082 3571 Frigidi
1124 3506 1249 3554 sunt
1272 3512 1410 3568 quos
1439 3504 1533 3550 aut
1565 3494 1777 3550 Iudaeo-

183 3611 303 3652 rum
332 3598 582 3668 perﬁdia,
624 3605 718 3651 aut
758 3610 913 3651 error
964 3592 1243 3665 gentilium
1291 3596 1439 3645 tenet
1493 3590 1769 3653 astrictos,

182 3689 443 3757 quoniam
472 3688 560 3744 ille
585 3701 679 3743 eos
727 3702 823 3742 sua
867 3684 1037 3757 glacie
1088 3680 1407 3750 constringit
1451 3680 1544 3751 qui
1593 3680 1769 3734 dixit:

180 3775 385 3834 Sedebo
412 3781 470 3834 in
502 3777 750 3833 lateribus
774 3776 1035 3849 aquilonis
1059 3774 1195 3846 (Isa.
1220 3788 1332 3838 xw,
1372 3771 1496 3843 l5);
1526 3786 1557 3827 e
1584 3780 1772 3828 contra

176 3867 335 3922 calidi
368 3878 498 3923 sunt
519 3883 747 3938 quorum
770 3867 933 3922 corda
960 3874 1162 3927 auster,
1190 3863 1243 3917 id
1264 3870 1348 3918 est
1378 3860 1615 3930 Spiritus
1643 3876 1772 3915 san-

175 3963 299 4011 ctus
326 3957 623 4011 adveniens
659 3956 838 4011 calore
870 3954 994 4008 ﬁdei
1017 3953 1207 4022 tangit,
1236 3958 1296 4004 ut
1326 3949 1558 4005 resoluta
1590 3949 1770 4003 incre—

177 4047 430 4104 dulitatis
454 4047 672 4113 duritia,
700 4056 754 4102 et
792 4046 993 4101 amisso
1019 4044 1223 4100 erroris
1256 4042 1473 4113 frigore,
1505 4042 1772 4096 bonorum

174 4151 407 4206 operum
432 4137 771 4209 ﬂagrantiam
810 4144 1081 4191 emanent.
1125 4134 1360 4203 Tepidus
1397 4140 1578 4187 autem
1621 4140 1677 4188 et
1704 4147 1771 4188 ex

174 4227 375 4299 frigido
400 4230 540 4286 solet
572 4227 691 4283 ﬁeri
714 4235 771 4282 et
788 4242 858 4282 ex
896 4225 1089 4290 calido,
1116 4225 1243 4295 quia
1270 4233 1324 4280 et
1345 4224 1484 4278 alius
1506 4239 1537 4278 a
1568 4223 1770 4294 frigore

173 4315 481 4387 iniquitatis
516 4315 811 4375 converSus
836 4318 905 4373 ad
927 4314 1223 4387 perfectum
1240 4313 1468 4383 justitim
1498 4312 1768 4369 fervorem

152 4395 283 4460 'non
314 4411 542 4476 transit;
575 4417 630 4465 et
656 4409 795 4464 alius
839 4423 870 4462 a
914 4406 1096 4462 calore
1121 4404 1347 4474 iustitia:
1389 4404 1665 4461 descendit
1701 4405 1770 4461 ad

172 4499 414 4566 torporis
438 4500 726 4573 ignaviam.
755 4497 955 4554 Omnes
980 4497 1146 4568 igitur
1177 4496 1550 4565 experimento
1578 4495 1769 4552 didici-

1874 3326 2109 3398 pretium
2134 3324 2302 3389 dabit,
2331 3323 2434 3379 nisi
2465 3324 2716 3378 devotum
2746 3321 3024 3392 petitionis
3049 3319 3338 3374 aﬁ‘ectum?
3365 3317 3466 3373 Cui

1877 3415 1946 3470 ad
1964 3416 2081 3470 haec
2110 3413 2396 3469 subditur:
2423 3422 2471 3466 et
2499 3412 2811 3467 vestimentis
2835 3410 2966 3465 albis
2997 3409 3261 3475 induaris,
3285 3417 3471 3463 utnon

1873 3514 2121 3578 appareat
2151 3504 2389 3572 confusio
2437 3504 2691 3557 nuditatis
2720 3512 2845 3558 tuw.
2887 3501 2969 3557 Ad
2995 3500 3341 3571 operiendam
3372 3515 3470 3553 nu-

1875 3594 2066 3649 ditatis
2109 3592 2485 3649 confusionem
2521 3592 2861 3647 vestimentis
2903 3590 3041 3647 albis
3087 3590 3349 3657 induitur,
3379 3588 3469 3660 qui

1873 3697 2065 3738 aurum
2097 3683 2327 3753 ignitum
2350 3682 2637 3753 probatum
2676 3690 2972 3749 mercatur,
3004 3682 3096 3752 qui
3124 3682 3192 3736 ad
3229 3682 3470 3737 devitan-

1872 3777 2001 3831 dum
2046 3777 2344 3846 tepiditatis
2382 3777 2639 3845 pudorem
2697 3775 2752 3829 in
2797 3791 2951 3829 novae
2999 3775 3126 3828 vita:
3161 3773 3469 3829 conversio-

1872 3881 1997 3920 nem
2027 3865 2372 3928 transfertur,
2406 3865 2498 3932 qui
2524 3878 2666 3917 novo
2696 3863 3011 3932 caelestique
3051 3862 3254 3917 homini
3282 3861 3466 3915 imita-

1873 3954 2034 4007 tionis
2062 3952 2263 4008 virtute
2301 3954 2567 4008 inhaerere
2608 3961 2866 4007 meretur.
2912 3952 2982 4006 Et
3025 3951 3240 4023 collyrio
3277 3951 3468 4022 inunge

1872 4044 2050 4099 oculos
2084 4054 2225 4112 tuos,
2254 4054 2310 4099 ut
2338 4045 2535 4099 videas.
2573 4043 2653 4100 Ac
2677 4045 2723 4100 si
2751 4044 3024 4100 diceretur
3047 4061 3061 4098 :
3095 4028 3306 4098 Adhibe
3330 4043 3466 4099 divi-

1871 4154 1942 4193 na
1967 4148 2238 4209 praecepta
2266 4138 2335 4193 ad
2373 4138 2612 4192 mentem
2643 4152 2862 4203 caecam,
2902 4144 3169 4206 quatenus
3200 4136 3463 4190 virtutum

1871 4229 2169 4283 nuditatem
2218 4244 2381 4298 quam
2428 4228 2655 4298 pateris,
2706 4228 2893 4283 videns
2949 4226 3163 4296 operire
3217 4226 3459 4283 festines.

1869 4319 1984 4375 Nisi
2009 4319 2153 4375 enim
2189 4321 2368 4376 divina
2395 4327 2664 4391 praecepta
2687 4318 2971 4390 collyrium
2999 4326 3202 4383 essent,
3234 4318 3462 4374 Psalmi-

1871 4422 1954 4470 sta
1980 4430 2089 4469 non
2117 4414 2359 4470 diceret:
2396 4413 2723 4485 Praeceptum
2742 4413 2956 4467 Domini
2992 4411 3223 4467 lucidum
3263 4412 3461 4468 illumi-

1871 4522 2003 4560 nans
2032 4504 2211 4561 oculos
2241 4502 2414 4578 (Psal.
2464 4522 2632 4572 xvm,
2670 4505 2747 4575 9).
2798 4486 2984 4560 Potest
3028 4519 3127 4574 per
3176 4503 3458 4575 collyrium

171 4596 313 4652 mus,
350 4590 483 4659 ll“ia
522 4588 776 4661 frigidum
804 4588 932 4658 quid
962 4587 1044 4641 Vel
1074 4587 1309 4642 Calidum
1357 4586 1516 4642 Ῑθοίιθ
1561 4588 1615 4642 in
1644 4604 1763 4644 θοι·-
1792 4589 1845 4648 D
1868 4598 2011 4667 quod
2042 4612 2109 4652 ex
2133 4606 2277 4654 terra
2306 4600 2385 4664 ﬁt,
2416 4608 2471 4653 et
2503 4607 2661 4652 terrm
2683 4597 2958 4667 pulverem
2993 4597 3060 4650 ab
3090 4596 3260 4652 oculis
3288 4597 3455 4669 ejicit,

171 4686 272 4740 pus
317 4677 624 4748 trajicitur;
676 4678 910 4748 tepidum
941 4682 1122 4731 autem
1151 4691 1275 4731 cum
1321 4676 1512 4730 nausia
1553 4676 1621 4731 ab
1651 4676 1766 4746 ipso

172 4777 268 4820 ore
311 4768 615 4840 projicitur.
655 4768 746 4825 Sic
785 4769 862 4825 sic
913 4767 1024 4840 (Ita
1076 4766 1217 4838 cod.)
1259 4767 1508 4822 doctores
1556 4766 1767 4822 facilius

171 4868 405 4923 possunt
433 4864 703 4919 inﬁdelem
745 4864 814 4919 ad
840 4861 1021 4929 ﬁdem,
1046 4871 1140 4916 aut
1166 4876 1483 4932 perversum
1503 4861 1766 4918 Christia-

170 4958 300 5000 num
335 4950 406 5005 ad
440 4951 708 5007 fervorem
742 4952 868 5006 boni
907 4952 1087 5022 operis
1128 4952 1362 5017 trahere,
1415 4966 1577 5022 quam
1623 4951 1763 5022 tepi-

168 5032 332 5101 dum;
371 5037 603 5110 ideoque
641 5040 896 5095 deserunt
924 5055 1066 5104 eum,
1108 5041 1257 5094 velut
1306 5040 1542 5111 agricola
1590 5039 1762 5095 infru—

168 5129 422 5180 ctuosam
451 5137 654 5184 terram
678 5128 893 5198 linquit,
924 5135 978 5182 et
1020 5128 1164 5181 illam
1195 5128 1392 5183 excolit
1418 5129 1483 5183 de
1521 5145 1626 5198 qua
1647 5126 1763 5195 jam

169 5214 359 5281 epinas
394 5222 539 5276 eruit
576 5229 631 5277 et
672 5230 754 5278 est
786 5220 1083 5287 fructuosa,
1112 5221 1197 5276 vel
1234 5221 1381 5276 illam
1425 5237 1545 5292 quae
1588 5223 1765 5281 adhuc

168 5301 330 5368 Plena
360 5310 581 5379 quidem
608 5320 692 5368 est
718 5312 905 5382 spinis,
935 5312 1029 5368 sed
1063 5309 1341 5368 fructuosa
1361 5310 1542 5367 futura
1567 5312 1762 5382 praevi-

171 5396 351 5456 detur.

168 5526 175 5527 ί
248 5490 412 5552 Vens.
445 5500 534 5556 17.
562 5532 633 5543 -
672 5500 810 5567 Quia
850 5499 982 5555 dicis
1011 5499 1138 5570 quia
1178 5498 1321 5555 dives
1359 5514 1498 5567 sum,
1537 5508 1586 5553 et
1613 5497 1758 5553 locu-

170 5577 421 5656 Pletatus,
442 5602 492 5647 et
520 5593 714 5649 nullius
743 5610 889 5664 egeo,
914 5602 963 5647 et
989 5593 1156 5647 nescis
1186 5593 1309 5663 quia
1335 5600 1392 5645 tu
1414 5608 1467 5645 es
1508 5591 1685 5656 miser,
1708 5600 1757 5645 et

172 5670 513 5757 miserabilis,
536 5694 584 5738 et
616 5701 836 5757 pauper,
874 5693 922 5740 et
951 5701 1140 5740 aecus.
1187 5683 1441 5755 Quisquis
1468 5699 1566 5754 pro
1593 5691 1756 5739 rectae

175 5754 302 5858 1{dei
338 5754 779 5858 confessionese
820 5776 1041 5831 divitem
1074 5774 1261 5846 jactat,
1294 5754 1397 5831 nisi
1426 5775 1567 5831 mala
1596 5790 1755 5846 agere

180 5845 565 5935 desistat,'non
588 5850 758 5937 dives,
787 5868 882 5926 sed
914 5883 1119 5941 pauper
1154 5873 1264 5937 est;
1296 5867 1439 5940 quod
1475 5867 1601 5939 quia
1624 5845 1757 5939 tepi-

1868 4693 2142 4753 assumpta
2180 4701 2280 4753 pro
2325 4687 2482 4740 nobis
2510 4684 2884 4753 Redemptoris
2929 4687 3100 4740 nostri
3146 4687 3457 4757 temporalis

1868 4781 2080 4844 egestas
2127 4774 2417 4844 designari.
2448 4773 2548 4839 Qui
2575 4788 2704 4844 ergo
2743 4782 2976 4829 caecatos
3019 4775 3203 4831 oculos
3237 4776 3457 4846 pulvere

1866 4864 2054 4930 habet,
2099 4862 2381 4934 collyrium
2428 4863 2849 4932 superimponat,
2881 4870 2941 4919 ut
2975 4863 3154 4918 lumen
3193 4864 3449 4935 recipiat;

1866 4955 1920 5012 id
1939 4963 2023 5011 est
2046 4955 2139 5025 qui
2162 4969 2258 5024 per
2297 4962 2508 5007 terrena
2531 4953 2921 5027 delectamenta
2951 4954 3155 5020 defluit,
3184 4962 3453 5024 tempora-

1865 5044 1972 5099 lem
2001 5042 2376 5113 Redemptoris
2404 5043 2487 5096 sui
2520 5052 2816 5114 egestatem
2843 5044 2910 5098 ad
2939 5053 3174 5098 mentem
3204 5045 3446 5113 reducat,

1855 5145 1923 5214 ut
1956 5136 2302 5191 interioribus
2331 5133 2500 5190 oculis
2528 5134 2921 5205 contempletur
2935 5133 3115 5189 futura
3138 5141 3448 5190 sanetorum

1865 5242 2110 5300 pmmia.

1937 5317 2100 5371 Vens.
2134 5315 2222 5379 19.
2264 5344 2335 5354 —
2356 5312 2470 5386 Ego
2496 5330 2627 5386 quos
2651 5330 2793 5379 amo,
2820 5329 2985 5384 arguo
3025 5322 3073 5368 et
3094 5314 3311 5384 castigo.
3344 5315 3448 5370 Re-

1862 5407 2112 5479 dargutio
2142 5405 2210 5461 ad
2231 5406 2419 5471 verba,
2445 5406 2727 5477 castigatio
2751 5405 2985 5476 pertinet
3022 5404 3089 5459 ad
3128 5403 3358 5473 ﬂagella.
3384 5404 3446 5459 In

1862 5502 1967 5557 hac
2009 5507 2191 5554 autem
2233 5499 2500 5554 sententia
2555 5497 2783 5568 amplius
2825 5496 2969 5567 quod
3015 5496 3211 5566 exponi
3253 5495 3449 5552 debeat

1863 5607 1970 5647 non
1993 5598 2097 5657 est,
2124 5592 2219 5647 sed
2237 5592 2382 5662 quod
2409 5590 2640 5646 libenter
2679 5589 2950 5658 amplecti.
2991 5587 3270 5643 Emulare
3293 5602 3443 5660 ergo,

1863 5692 1919 5740 et
1939 5685 2312 5755 paenitentiam
2343 5699 2461 5752 age.
2490 5682 2569 5738 Ac
2588 5683 2633 5737 si
2666 5682 2870 5737 diceret
2900 5700 2913 5736 :
2943 5681 3047 5737 nisi
3076 5679 3447 5750 temporaliter

1861 5790 1987 5832 cum
2034 5775 2138 5831 illis
2173 5776 2263 5830 hic
2305 5774 2509 5846 ﬂagella
2557 5774 2879 5845 susceperis,
2927 5774 3043 5829 sine
3090 5771 3194 5827 illis
3226 5770 3444 5827 aeternis

1863 5868 2195 5927 cruciatibus
2231 5866 2554 5939 subjacebis.
2592 5865 2777 5939 (Vens.
2808 5863 2923 5940 20.)
2951 5863 3088 5922 Ecce
3129 5871 3209 5919 sto
3254 5862 3324 5918 ad
3357 5878 3443 5919 os-
