4088 6330
267 427 402 496 ill?

1068 417 1477 494 exustarum.
1516 453 1586 480 ές
1625 411 1978 497 Cunnum.
2019 421 2088 495 IN
2125 435 2417 498 APOCAL.
2445 453 2517 480 —-
2548 417 2678 496 Lis.
2717 437 2803 496 ut.

3383 435 3518 496 iliS

267 555 377 612 rius
403 549 608 623 fulgora
635 557 688 605 et
713 549 950 606 tonitrua
971 535 1038 604 de
1063 533 1258 605 throno
1292 559 1548 622 tanquam
1582 553 1647 608 de
1691 554 1836 608 nube
1860 553 1914 616 Δ
1938 549 2080 623 quod
2109 557 2349 623 gestatur
2375 551 2628 617 interius;
2675 545 2750 606 ita
2775 549 3028 606 Ecclesia:
3059 547 3189 604 fides
3211 547 3359 604 intus
3393 551 3522 606 sima

263 645 556 719 procedere
583 633 893 698 narrantur.
921 643 1088 715 igitur
1118 643 1242 715 quia
1272 661 1430 701 arcus
1455 647 1660 702 duobus
1686 648 1834 716 prin—

267 737 510 810 cipaliter
529 735 801 793 coloribus
828 731 1150 807 resplendet,
1176 751 1328 808 aqua:
1352 733 1557 793 scilicet
1598 741 1652 793 et
1677 737 1834 809 ignis,

265 825 573 900 designatur
595 827 678 883 vei
697 827 998 898 baptismus
1025 843 1178 899 aqum
1218 835 1271 884 "ct
1311 823 1546 900 Spiritus
1585 827 1833 896 sanctus;

261 921 343 975 vel
360 919 623 991 judicium
650 905 960 988 praecedens
985 919 1082 989 per
1109 919 1391 988 diluvium,
1418 935 1480 976 ac
1506 911 1837 992 subSequens

260 1021 356 1080 per
383 1009 580 1080 ignem.
611 1005 682 1065 Ut
709 1015 808 1080 per
836 1013 959 1064 eum
989 1005 1092 1064 lith
1119 1009 1238 1066 luco
1263 1011 1615 1082 repropitiata
1637 1009 1837 1066 mundo

261 1100 514 1155 divinitas
525 1101 764 1171 apertius
773 1101 1106 1166 ostEndatur,
1121 1101 1324 1158 idcirco
1339 1099 1529 1158 vi'sioni
1545 1099 1840 1174 smaragdi-

257 1187 715 1262 naecomparatur.
733 1192 832 1248 Hie
842 1193 986 1248 enim
1005 1194 1142 1266 lapis-
1161 1193 1478 1251 viridiSSimi
1501 1195 1697 1252 coloris
1731 1205 1834 1266 est,

257 1284 345 1356 qui
405 1285 704 1341 divinitatis
735 1289 946 1342 natura:
986 1297 1090 1342 n0n
1121 1287 1566 1343 inconvenienter
1595 1293 1831 1359 aptatur.

323 1377 491 1434 Vnus.
515 1371 568 1431 4.
596 1405 666 1418 —-
703 1377 772 1432 Et
799 1377 854 1432 in
883 1377 1102 1432 circuitu
1130 1379 1266 1433 sedis
1295 1379 1478 1433 sedilia
1509 1380 1688 1450 viginti
1709 1393 1840 1452 qua-

253 1475 398 1534 tuor,
427 1477 475 1524 et
504 1475 661 1539 super
688 1469 902 1524 thronos
933 1471 1114 1540 viginti
1145 1481 1376 1542 quatuor
1404 1473 1632 1528 seniores
1659 1471 1842 1529 seden-

245 1565 343 1613 tes.
374 1557 510 1613 Cum
541 1557 802 1615 Dominus
837 1560 892 1614 in
942 1561 1237 1633 Evangelio
1283 1561 1566 1618 duodecim
1616 1565 1840 1622 thronos

249 1656 664 1716 commemoret,
695 1651 826 1720 quid
864 1651 968 1707 sibi
1023 1651 1138 1706 vult
1182 1653 1326 1722 quod
1371 1649 1605 1709 Joannes
1651 1653 1839 1725 viginti

247 1745 492 1812 quatuor
513 1741 676 1797 dicit?
725 1743 834 1798 nisi
875 1743 1001 1813 quia
1049 1749 1272 1813 propter
1317 1745 1591 1815 geminum
1647 1745 1838 1801 Testa-

247 1841 498 1889 mentum
525 1841 782 1890 numerus
807 1835 970 1890 etiam
1007 1835 1290 1891 duodecim
1323 1835 1558 1892 tribuum
1605 1839 1840 1907 duplica-

1936 643 2058 714 plex
2085 652 2170 699 est
2196 641 2534 708 credulitate,
2559 649 2613 696 et
2633 639 2766 696 foris
2789 647 2954 697 verax
2982 629 3284 696 Ostenditur
3301 637 3517 696 confes-

1937 735 2108 791 sione.
2157 731 2264 791 Sed
2307 749 2373 790 ne
2414 733 2604 805 fragile
2630 729 2912 806 putaretur
2939 739 2999 787 ut
3029 727 3246 796 vitrum;
3278 723 3520 787 additum

1937 835 2020 884 est
2045 825 2210 884 simile
2229 825 2496 899 crystallo.
2523 823 2673 882 Sicut
2687 819 2831 881 enim
2854 819 3055 898 glacies
3076 823 3295 880 hiemali
3319 817 3521 896 frigore

1935 937 2122 994 pressa
2153 917 2272 994 post
2305 917 2504 977 multos
2551 915 2721 976 annos
2769 919 2824 975 in
2874 907 3282 974 similitudinem
3331 907 3522 988 lapidis

1938 1015 2200 1070 obdurata
2218 1015 2532 1086 crystallum
2548 1014 2797 1080 efﬁcitur,
2811 1013 2886 1070 ita
2903 1001 3035 1068 lldes
3053 1015 3366 1068 sanctorum
3381 997 3526 1067 inter

1937 1101 2222 1175 pressurus
2247 1113 2344 1177 per
2363 1099 2694 1161 incrementa
2725 1103 3033 1175 temporum
3063 1095 3344 1160 s'olidatur.
3373 1103 3444 1158 Et
3465 1103 3524 1158 in

1940 1197 2108 1252 medio
2134 1197 2270 1251 sedis
2293 1207 2339 1251 et
2369 1199 2422 1252 in
2442 1197 2663 1254 circuitu
2686 1199 2822 1255 sedis
2844 1207 3072 1272 quatuor
3093 1189 3344 1253 animalia
3371 1197 3525 1269 plena

1939 1285 2106 1344 Oculis
2143 1297 2262 1343 ante
2297 1297 2346 1344 et
2378 1300 2534 1345 retro.
2575 1281 2717 1346 Nulli
2755 1283 2974 1347 dubium
3011 1283 3093 1346 est
3127 1291 3258 1361 quin
3285 1305 3383 1360 per
3411 1291 3528 1345 hrcc

1940 1387 2172 1451 quatuor
2208 1381 2460 1436 animalia
2517 1389 2747 1454 quatuor
2794 1382 3096 1454 ﬁgurentur
3151 1369 3513 1453 evangelista.

1943 1471 2050 1528 Sed
2078 1473 2122 1529 si
2153 1473 2208 1528 in
2228 1474 2408 1529 medio
2434 1465 2594 1540 sedis,
2623 1467 2891 1544 quomodo
2912 1475 2966 1529 in
2988 1473 3218 1529 circuitu
3244 1473 3386 1528 sedis
3409 1485 3529 1528 esse

1940 1564 2327 1634 perhibentur?
2366 1567 2668 1636 praesertim
2706 1567 2826 1619 cum
2868 1565 2924 1620 in
2965 1565 3144 1620 medio
3173 1563 3317 1618 sedis
3347 1555 3529 1617 Domi-

1941 1657 2101 1726 num,
2137 1667 2191 1713 et
2227 1653 2280 1712 in
2314 1655 2546 1714 circuitu
2600 1661 2741 1714 sedis
2777 1657 2968 1730 viginti
2999 1663 3232 1728 quatuor
3279 1655 3526 1714 seniores

1941 1747 2132 1804 sedere
2154 1745 2266 1818 jam
2297 1745 2500 1804 dietum
2534 1751 2622 1806 sit.
2653 1749 2992 1820 Quapropter
3016 1749 3294 1804 sciendum
3321 1749 3444 1818 quia
3473 1746 3530 1802 in

1943 1837 2171 1896 Domino
2211 1841 2492 1910 animalia,
2535 1849 2589 1897 et
2648 1843 2704 1896 in
2753 1841 3077 1896 animalibus
3123 1827 3420 1905 Dominus;
3476 1846 3532 1894 et

247 1933 355 1980 tur.
383 1923 554 1996 Igitur
575 1933 836 1996 quantum
857 1926 924 1980 ad
945 1927 1344 1981 distinetionem
1360 1925 1640 1997 utriusque
1656 1927 1840 1983 Tcsta—
1870 1909 1922 1992 Β
1947 1937 2134 1986 rursus
2157 1932 2209 1985 in
2233 1909 2536 1986 senioribus
2558 1931 2832 1996 animalia,
2853 1921 2984 1986 etin
3014 1930 3335 1985 animalibus
3361 1927 3533 1984 Senio-

248 2013 445 2083 memi,
475 2018 664 2089 viginti
684 2019 916 2088 quatuor
936 2023 1060 2072 sunt
1082 2017 1280 2085 throni,
1311 2019 1641 2091 totidemque
1665 2017 1842 2077 senio-

250 2121 372 2174 res;
405 2101 668 2179 quantum
693 2117 824 2163 vero
855 2108 924 2162 ad
953 2109 1216 2163 unitatem
1255 2117 1308 2164 et
1359 2107 1704 2165 concordiam
1751 2127 1843 2168 eo—

249 2195 520 2263 rumdem,
537 2205 744 2253 tantum
765 2199 1068 2254 duodecim.
1097 2199 1204 2254 Sed
1232 2203 1330 2254 nec
1353 2199 1610 2256 debemus
1633 2197 1842 2256 tantum

247 2287 546 2348 carnaliter
565 2297 774 2360 sapere,
802 2297 860 2344 ut
889 2290 1033 2344 aliud
1063 2292 1396 2346 mstimcmus
1431 2307 1594 2347 tinam
1633 2293 1838 2362 sedem,

247 2383 404 2439 aliud
424 2381 612 2452 viginti
643 2381 874 2450 quatuor
909 2377 1150 2438 thronos.
1177 2381 1313 2438 Nam
1340 2383 1468 2454 quia
1492 2385 1841 2456 singulariter

249 2485 320 2529 ac
352 2467 726 2543 principaliter
747 2463 1056 2527 universam
1089 2471 1346 2528 Dominus
1367 2475 1632 2545 iudicabit
1657 2475 1842 2534 Eccle—

249 2563 418 2632 siam,
449 2566 650 2621 ideirco
679 2567 919 2621 seniores
941 2565 994 2621 et
1023 2567 1204 2621 throni
1250 2579 1356 2621 una
1395 2569 1549 2624 sedes
1597 2579 1716 2626 esse
1763 2571 1844 2625 di-

249 2661 486 2725 eurum;
544 2659 668 2730 quia
716 2661 846 2714 vero
894 2659 1064 2715 Sancti
1120 2653 1525 2731 praedicatores
1559 2659 1843 2733 utriuSque

249 2749 590 2807 TcStamenti
613 2763 740 2804 cum
755 2749 941 2806 eodem
960 2745 1204 2806 subditas
1223 2747 1409 2822 plebes
1431 2755 1840 2822 examinabu‘nt,

247 2849 654 2912 consequenter
679 2844 732 2897 in
761 2841 994 2899 circuitu
1021 2843 1162 2899 sedis
1187 2853 1350 2914 Super
1387 2837 1576 2914 viginti
1611 2856 1843 2916 quatuor

245 2938 482 2992 thronos
512 2937 732 2992 totidem
756 2938 944 2992 sedent
977 2938 1237 2993 seniores.
1266 2937 1418 3005 Quod
1449 2949 1628 2993 autem
1663 2939 1728 2994 de
1760 2955 1844 2995 se—

245 3030 500 3086 nioribus
547 3029 794 3085 subditur
839 3049 852 3084 τ
904 3031 1279 3085 circamamicti
1325 3031 1635 3088 vestimentis
1687 3033 1840 3099 albis,

243 3131 298 3177 et
333 3123 392 3176 in
421 3119 678 3192 capitibus
700 3133 884 3175 eorum
918 3129 1125 3176 corona:
1151 3137 1360 3187 aurem;
1401 3125 1468 3178 ad
1497 3139 1709 3180 omnem
1741 3123 1844 3180 Ec-

241 3217 476 3272 ciesiam
509 3217 758 3286 pertinet,
793 3229 911 3284 qum
939 3214 1279 3270 vestimentis
1306 3203 1444 3271 albis
1489 3215 1762 3283 induitur,
1789 3217 1840 3272 id

238 3311 331 3366 cst
357 3279 638 3363 inviolatis
663 3279 916 3377 baptismi
953 3307 1326 3362 sacramentis.
1356 3305 1597 3363 Coronas
1643 3279 1840 3364 aureas
1867 3279 1918 3345 α

241 3405 302 3459 in
334 3401 518 3471 capite
548 3401 742 3465 habet,
787 3397 916 3470 quia
960 3399 1229 3454 veraciter
1280 3399 1347 3456 de
1391 3401 1582 3456 mortis
1627 3409 1846 3458 auctore

237 3483 578 3561 ﬁiumphat.
610 3490 799 3554 Aliter,
825 3497 1004 3560 potest
1025 3501 1121 3558 per
1147 3483 1291 3545 hunc
1331 3507 1618 3546 numerum
1655 3503 1840 3550 sancta

235 3583 497 3643 Ecclesia
524 3583 744 3653 ﬁgurari
763 3591 979 3654 propter
1003 3583 1268 3637 senarium
1295 3581 1703 3655 perfectionem,
1725 3604 1844 3657 quin

231 3683 340 3748 per
369 3681 609 3745 quatuor
628 3673 902 3746 Evangelii
931 3673 1098 3730 libros
1125 3685 1557 3740 consummatur;
1587 3679 1670 3732 vel
1697 3685 1843 3734 certe

232 3771 374 3842 quia
403 3761 619 3824 Veteris
648 3763 980 3823 Testamen'ti
1006 3767 1202 3840 viginti
1229 3775 1462 3838 quatuor
1480 3769 1838 3826 u‘titurlibris.

311 3863 492 3918 Vens.
523 3859 575 3913 5.
604 3890 676 3900 —
720 3859 792 3912 Et
833 3859 897 3913 de
940 3859 1126 3913 throno
1179 3863 1478 3930 procedunt
1512 3861 1722 3932 fulgora
1746 3903 1760 3927 ,
1793 3871 1872 3914 ει·

227 3961 417 4016 vaces,
437 3957 494 4002 et
518 3950 770 4003 tonitrua.
795 3948 894 4004 Hic
923 3951 1108 4020 ap‘crt'e
1134 3949 1435 4002 ostenditur
1463 3961 1560 4018 per
1587 3953 1842 4004 thronum

225 4037 558 4099 Ecclesium;
591 4037 843 4106 tl‘gurari,
871 4037 966 4089 cui‘
1000 4037 1114 4089 hzec
1161 4037 1342 4089 omnia
1386 4037 1730 4092 conveniunt.
1780 4037 1841 4093 la

226 4129 724 4204 fulgorib'u's'euim
753 4127 1136 4183 miraculorum
1167 4128 1320 4200 signa
1343 4129 1658 4199 accipimus.
1689 4127 1842 4186 Unde

1945 2035 2034 2078 res
2057 2021 2422 2078 inveniuntur.
2455 2021 2639 2078 Potest
2663 2031 2717 2078 et
2746 2027 2982 2094 quatuOr
3011 2023 3325 2078 animalium
3351 2020 3533 2093 specie

1945 2111 2216 2185 designari
2258 2115 2583 2185 generaliter
2627 2115 2890 2170 Ecclesia.
2943 2113 3108 2169 Plena
3171 2117 3354 2186 itaque
3407 2123 3534 2170 sunt

1945 2206 2200 2262 animalia
2226 2205 2418 2272 oculis,
2441 2207 2568 2276 quia
2602 2211 2732 2276 quot
2758 2209 2884 2261 sunt
2914 2207 3189 2261 'saCrarum
3219 2205 3530 2276 Scriptura-

1943 2313 2065 2354 rum
2091 2297 2324 2367 eloquia,
2353 2299 2432 2352 tot
2460 2305 2584 2352 sunt
2621 2297 2917 2353 electorum
2968 2295 3228 2366 spiritalia
3286 2281 3512 2362 lumina,

1945 2385 2142 2460 Quibus
2169 2379 2234 2442 ad
2283 2387 2444 2442 ﬁdem
2487 2377 2882 2442 illuminantdr.
2927 2383 3066 2440 Ante
3093 2393 3356 2441 autemet
3387 2391 3535 2440 retro

1945 2485 2074 2535 Sunt
2106 2477 2270 2542 Oculi,
2304 2475 2428 2547 quia
2464 2477 2677 2534 Veteris
2704 2483 2758 2532 et
2797 2477 2936 2532 Novi
2971 2475 3304 2533 Testamenti
3353 2479 3536 2534 sacra-

1945 2573 2128 2625 menta
2157 2563 2212 2623 in
2238 2583 2294 2624 se
2318 2569 2616 2625 continent.
2632 2565 2766 2623 Ante
2785 2565 2932 2624 enim
2959 2569 3060 2624 hoc
3089 2559 3205 2623 loco
3227 2583 3327 2640 pro
3342 2575 3536 2640 priete-

1945 2661 2054 2714 rito
2079 2660 2315 2730 ponitur.
2347 2653 2546 2726 Aliter,
2577 2665 2700 2714 ante
2714 2669 2928 2715 etretro
2945 2649 3373 2725 haben'toculos,
3403 2661 3528 2729 quia

1945 2751 2190 2822 quaedam
2229 2749 2466 2822 impleta,
2505 2757 2559 2807 et
2595 2753 2840 2821 quasdam
2879 2751 3144 2824 implenda
3181 2751 3531 2818 denuntiant;

1944 2844 2032 2898 vel
2058 2845 2181 2914 quia
2203 2845 2477 2914 praeterita
2503 2854 2724 2914 peccata
2748 2841 3026 2915 plangunt,
3051 2841 3104 2899 et
3126 2841 3304 2899 futura
3322 2853 3533 2899 cavent.

2017 2937 2181 2990 Vens.
2213 2927 2264 2989 '7.
2295 2965 2367 2978 —-
2392 2935 2462 2990 Et
2492 2935 2694 2990 aninml
2717 2935 2942 3008 primum
2971 2935 3139 2990 simile
3172 2935 3331 3004 leoni,
3362 2943 3410 2990 et
3456 2953 3538 2991 se-

1947 3029 2175 3083 cundum
2207 3029 2406 3084 animal
2445 3029 2612 3086 simile
2643 3029 2832 3095 vitulo,
2861 3037 2908 3085 et
2939 3033 3150 3086 tertium
3197 3027 3398 3086 animal
3443 3031 3532 3088 hac

1947 3121 2070 3176 bens
2101 3123 2287 3192 facient
2317 3123 2470 3194 quasi
2490 3115 2732 3189 hominis,
2761 3131 2810 3178 et
2836 3127 3081 3196 quartum
3124 3123 3324 3179 animal
3371 3123 3539 3182 simile

1947 3215 2139 3286 aquila?
2185 3215 2399 3270 volanti.
2443 3219 2802 3282 Quaerendum
2853 3225 2934 3272 est
2966 3233 3132 3288 quare
3161 3211 3395 3272 Joannes
3423 3217 3534 3288 pri-

1947 3317 2098 3360 mum
2126 3307 2325 3361 animal
2349 3307 2490 3363 leoni
2523 3297 2698 3363 simile
2717 3309 2932 3374 dixerit,
2949 3325 3071 3364 cum
3093 3303 3342 3364 Ezechiel
3367 3307 3537 3365 homi-

1949 3397 2034 3451 nis
2081 3397 2316 3466 speciem
2360 3397 2538 3468 primo
2577 3395 2792 3453 anima‘li
2837 3399 3014 3454 inesse
3040 3399 3341 3470 perhibeat.
3371 3383 3540 3472 igitur

1948 3493 2042 3540 aut
2067 3488 2201 3541 ordo
2229 3483 2523 3542 historiCus
2557 3495 2796 3542 mutatus
2818 3495 2919 3552 est,
2946 3501 3106 3558 quem
3137 3488 3363 3560 mystica
3393 3487 3540 3543 Scri-

1947 3587 2236 3649 pturarum
2267 3578 2481 3649 eloquia
2513 3591 2618 3634 non
2650 3591 2862 3649 semper
2879 3588 3128 3646 servant;
3169 3579 3253 3634 vel
3279 3577 3402 3650 quia
3432 3595 3540 3635 non

1945 3679 2172 3739 propter
2198 3671 2559 3736 nativitatem,
2592 3673 2686 3725 aut
2735 3671 3040 3743 passionem
3088 3671 3437 3727 crediderunt
3482 3671 3566 3726 in.

1947 3757 2225 3819 Christum
2252 3766 2520 3830 homines,
2551 3765 2642 3820 sed
2668 3767 2890 3836 propter
2917 3767 3391 3831 resurrectionem,
3414 3781 3535 3834 qua:

1947 3847 2003 3908 in
2051 3855 2202 3906 leone
2251 3853 2547 3924 figuratur,
2587 3853 2708 3920 ejus’
2755 3856 2987 3926 speciem
3047 3855 3280 3924 primam
3336 3857 3533 3925 posuit.

1947 3939 2188 4010 Denique
2227 3941 2352 4010 quia
2387 3943 2456 3995 ab
2489 3942 2722 3996 humana
2762 3944 3109 4014 generatione
3161 3943 3348 4013 coépit,
3393 3952 3537 3999 recte

1944 4039 2045 4100 per
2069 4031 2340 4085 hominem
2370 4031 2685 4096 Matth'atus;
2719 4034 2846 4102 quia
2871 4035 2904 4086 a'
2930 4021 3162 4089 clamore
3189 4033 3244 4090 in
3294 4035 3532 4102 deserto,

1949 4129 2094 4175 recte
2123 4131 2218 4191 per
2240 4121 2449 4175 leonem
2477 4123 2721 4188 Marcus;
2773 4123 2897 4194 quia
2926 4123 2958 4177 a‘
2987 4109 3254 4178 sacrificio
3281 4123 3530 4193 exorsus,

222 4223 577 4284 Psalmist‘a':
603 4219 900 4275 Flt’uxerunt
931 4219 1136 4292 fulgora
1165 4227 1255 4275 tua
1292 4221 1404 4275 orbi
1449 4231 1602 4276 terra:
1646 4219 1836 4296 (Psal.

1944 4211 2082 4269 bene
2103 4221 2198 4284 per
2219 4214 2447 4268 vitulum
2475 4213 2680 4279 Lucas;
2710 4216 2955 4296 qui-vero
2982 4213 3010 4268 εἰ
3030 4209 3311 4270 divinitate
3333 4213 3517 4286 ccepit,

224 4333 434 4380 LXXVI,
477 4315 586 4386 f9):
635 4313 739 4369 Per
775 4323 928 4368 voces
967 4313 1156 4367 autem"
1178 4321 1224 4366 et
1257 4307 1490 4367 tonitrua
1527 4313 1840 4384 praedicatio

221 4407 503 4470 veritatis
528 4401 867 4476 exprimitur,
885 4397 1024 4459 sicut
1045 4405 1186 4458 idem
1209 4397 1492 4459 Psalmista
1514 4399 1646 4460 dicit
1672 4424 1684 4458 :
1723 4403 1839 4460 Vos:

219 4499 472 4558 tonitrui
493 4498 568 4551 tui
589 4499 643 4551 in
672 4505 786 4551 rota
813 4493 1023 4569 (Mitti):
1051 4496 1118 4550 Et
1139 4503 1262 4550 nota
1287 4497 1410 4566 quia
1432 4498 1584 4566 quasi
1608 4511 1674 4553 ex
1698 4493 1836 4554 obli-

215 4605 344 4668 quo
375 4593 454 4648 ab
487 4605 592 4643 una
620 4587 792 4658 figura
819 4583 1069 4641 a'd‘allam
1111 4589 1376 4643 transiens
1395 4630 1410 4653 ,
1439 4589 1504 4642 de
1553 4591 1677 4644 sede
1723 4587 1839 4645 limo

1945 4295 2106 4374 digne
2131 4319 2227 4374 per
2251 4305 2488 4375 aquilam
2513 4305 2764 4359 Joannes.
2789 4295 3021 4359 PoSsunt
3051 4303 3112 4359 et‘
3135 4303 3256 4358 haec
3277 4299 3350 4360 ad
3375 4305 3534 4360 Chri-

1945 4399 2330 4465 s‘tum‘refcrri,
2360 4407 2413 4454 c‘t
2454 4401 2530 4454 ad'
2548 4397 2746 4454 cuneta
2787 4381 3036 4454 membra
3077 4395 3212 4469 ejus.
3261 4381 3365 4452 S‘ed
3416 4399 3534 4453 hazc

1943 4495 2231 4550 brevitatis
2258 4503 2422 4550 causa
2451 4491 2652 4576 dixisse
2687 4485 2936 4576 s'uilici’at'.
2971 4485 3158 4563 (Vlixis.
3185 4483 3263 4562 8'.)
3305 4481 3380 4576 Et
3405 4507 3537 4562 qua-

1945 4599 2066 4643 tuor
2109 4587 2382 4654 animalia,
2415 4573 2624 4658 s'ingula
2672 4604 2852 4641 eorum
2902 4571 3156 4640 habebant
3198 4571 3362 4640 senas.
3396 4583 3532 4640 alas.

219 4651 372 4744 dicit
403 4680 736 4755 procedere,-
757 4693 880 4734 cum
910 4693 1014 4733 non
1051 4679 1182 4744 sedi‘,
1213 4680 1306 4734 scd
1335 4679 1462 4733 nubi
1491 4681 1832 4735 conveniant.
1867 4651 1923 4713 Β
1944 4673 2003 4733 l'n
2042 4678 2142 4733 alis
2170 4689 2401 4747 quatuor
2433 4677 2768 4740 animalium,
2802 4675 3038 4730 duarum
3060 4675 3530 4732 Tcstani'cntorum

215 4779 420 4851 Ipsam
449 4787 584 4844 ergo
611 4769 1011 4828 sedcm'nubem
1039 4771 1154 4825 vult
1174 4767 1419 4843 intelligi.
1475 4773 1619 4827 Bene
1657 4781 1837 4827 autem

211 4872 520 4945 iuetorum
546 4865 784 4921 Ecclesia
812 4879 912 4935 per
937 4863 1144 4919 nubem
1181 4864 1442 4936 figuratur
1459 4906 1472 4930 ,
1500 4866 1624 4936 quia
1652 4865 1842 4935 praedi-

211 4953 470 5022 catores
512 4953 626 5023 ejus
672 4962 728 5008 et
774 4955 952 5009 verbis
994 4955 1207 5024 pluunt,
1239 4965 1293 5010 et
1329 4957 1842 5011 comminationibus

211 5057 460 5112 tonant,
497 5053 553 5099 et
591 5043 866 5098 miraculis
913 5055 1217 5102 coruscant.
1253 5041 1323 5099 Et
1350 5057 1539 5118 septem
1573 5047 1842 5118 lampades

203 5147 496 5205 ardentes
518 5148 638 5193 ante
665 5138 928 5203 thronum,
960 5151 1077 5208 qum
1100 5149 1220 5192 sunt
1254 5149 1444 5209 septem
1467 5141 1683 5210 spiritus
1719 5141 1840 5206 Dei;

209 5243 432 5319 (Vens.
465 5231 526 5306 6)
553 5241 600 5287 et
643 5233 698 5286 in
727 5239 998 5302 conspectu
1023 5231 1159 5286 sedis
1182 5241 1431 5304 tanquam
1457 5249 1599 5286 mare
1625 5233 1843 5286 vitreum

205 5325 408 5396 simile
451 5323 734 5396 crystallo.
765 5321 901 5394 Apte
955 5321 1189 5393 Spiritus
1243 5333 1461 5377 sanctus
1509 5321 1844 5390 lampadibus

203 5424 618 5496 comparatur,
638 5415 762 5488 quia
784 5417 851 5471 ad
865 5427 1103 5470 amorem
1125 5414 1296 5469 Dci'ct'
1308 5412 1536 5484 proximi
1551 5411 1845 5466 electorum

204 5521 455 5578 animos
483 5511 754 5567 accendit.
784 5507 924 5576 Quid
947 5517 1138 5563 autem'
1155 5523 1256 5577 per
1281 5520 1432 5562 mare
1457 5506 1712 5570 vitreum,
1735 5505 1842 5559 nisi

203 5611 561 5682 ii‘aptismus
607 5601 902 5673 ﬁguratur?
944 5597 1011 5654 Et
1064 5615 1234 5670 quare
1275 5599 1526 5662 vitreum,
1562 5597 1667 5651 nisi
1718 5595 1844 5665 quia

205 5704 364 5762 ﬁdes
393 5712 512 5772 per
539 5709 662 5749 eum
692 5693 1084 5750 transeuntium
1111 5691 1318 5761 tropica
1337 5689 1610 5746 locutione
1625 5689 1844 5744 demoni-

205 5791 492 5858 stratur?
543 5785 626 5841 Ab
653 5783 916 5844 ciliciente
965 5785 1171 5842 scilicet
1225 5779 1364 5838 illud
1406 5781 1550 5854 quod
1593 5779 1837 5836 edicitur.

207 5891 391 5951 Sicut
422 5881 590 5944 enim
609 5879 666 5937 in
690 5881 833 5936 vitro
857 5879 992 5936 nihil
1009 5871 1390 5935 aliud‘videtur
1408 5875 1852 5944 exterius;un

1948 4769 2160 4840 eloquia
2189 4769 2505 4838 accipimus.
2533 4766 2666 4821 Cum
2696 4781 2824 4836 ergo
2853 4765 2970 4820 dure
2997 4767 3104 4820 sint
3133 4767 3216 4822 hae
3245 4765 3372 4830 alte,
3402 4765 3532 4838 pr'o-
3599 4781 3606 4788 '

1947 4869 2078 4934 pter”
2095 4862 2425 4932 geminatum
2457 4863 2648 4912 tamen
2678 4849 3067 4912 duodenarium
3101 4855 3407 4924 uulnerum,
3440 4853 3535 4928 qui

1950 4955 2005 5010 i'n
2034 4953 2290 5007 tribubus.
2307 4950 2471 5005 lsracl
2498 4957 2551 5003 et
2572 4949 2623 5001 iii
2646 4947 2908 5018 apos’t'olis‘
2927 4949 3219 5014 invenitur,
3244 4937 3532 5002 duodecies

1949 5047 2394 5117 multiplicantur,
2427 5047 2481 5098 et
2507 5043 2695 5113 viginti
2721 5053 2954 5113 quatuor
2981 5043 3046 5098 de
3071 5039 3129 5096 sc
3158 5041 3404 5095 reddunt.
3441 5039 3534 5095 Sic

1947 5143 2110 5197 etiam
2139 5147 2360 5211 propter
2403 5131 2686 5192 Trinitatis
2731 5138 3012 5204 notitiam,
3045 5133 3218 5205 quam
3245 5135 3370 5216 toto
3413 5133 3530 5190 orbi

1947 5233 2271 5298 diffundunt,
2304 5241 2388 5287 tor
2417 5231 2855 5303 multiplicantur,
2891 5225 2954 5283 et
2974 5244 3065 5283 sex
3097 5227 3408 5283 in'solidum
3439 5244 3534 5300 ap-

1947 5331 2157 5397 parent.
2185 5323 2377 5388 Aliter,
2409 5331 2634 5394 possuut
2667 5337 2764 5392 per
2791 5336 2884 5374 sex
2907 5317 3019 5372 alas
3059 5333 3153 5372 sex
3195 5318 3338 5388 leges
3369 5315 3529 5371 intel-

1948 5413 2060 5486 ligi.
2105 5413 2280 5467 Prima
2324 5413 2604 5478 naturalis,
2632 5409 2863 5467 secunda
2894 5397 3084 5479 Moysi,
3117 5409 3274 5462 tertia
3299 5409 3531 5478 prOphe—

1952 5509 2147 5568 tarum;
2167 5507 2355 5574 quarta
2383 5503 2592 5574 gratiae,
2616 5499 2802 5569 quinta
2830 5498 3219 5569 apostolorum,
3251 5495 3404 5552 sexta
3443 5513 3530 5568 sy-

1943 5596 2230 5660 n’odorum,
2253 5593 2448 5664 quibus
2471 5590 2709 5646 Ecclesia
2739 5589 2882 5643 volat
2913 5587 2978 5643 ad
3007 5587 3224 5668 caelum.
3255 5587 3322 5641 Et
3352 5587 3404 5641 in
3427 5587 3530 5640 cir-

1945 5681 2112 5753 datin“,
2148 5693 2197 5739 et
2225 5686 2367 5740 intu's
2396 5683 2549 5756 plena
2575 5689 2696 5736 sunt
2726 5679 2908 5736 oculis.
2936 5671 3203 5735 Animalia
3232 5689 3278 5734 et
3323 5673 3396 5733 i'n'
3423 5679 3528 5756 cir-

1945 5771 2110 5846 cuitu,
2137 5781 2364 5835 e't'int'u’s'
2383 5773 2887 5848 plena'aculis‘sunt,
2918 5775 3043 5846 quia
3072 5769 3260 5838 sancta
3289 5757 3530 5852 Beat-isis

1943 5869 2343 5952 praedicationis
2369 5866 2812 5926 lumen'o‘stendit
2833 5861 3196 5934 credentibus,
3225 5851 3546 5922 inﬁdelibus}.
