4090 6452
559 460 697 518 1119

558 574 799 633 claudit:
829 571 916 629 vel
955 570 1079 642 quia
1129 568 1302 625 sancti
1356 566 1738 639 praedicatores
1786 560 2133 633 parvulorum
2156 562 2214 622 Α

548 669 833 737 mentibus
854 673 1110 734 tanquam
1136 662 1269 717 foris
1293 676 1391 732 per
1414 659 1585 738 solam
1615 656 1918 720 historiam,
1941 661 1995 708 et
2017 667 2137 723 per-

559 760 825 817 fectorum
855 757 1008 830 quasi
1033 756 1177 810 intus
1200 767 1297 826 per
1323 752 1634 823 allegoriam
1663 750 1766 804 iter
1786 746 1909 801 ﬁdei
1931 754 1986 800 et
2011 759 2136 800 san-

561 853 766 909 ctitatis
791 850 1110 914 ostendunt;
1143 847 1229 902 vel
1248 847 1373 917 quia
1410 843 1775 899 indesinenter
1800 837 2138 909 conspiciunt

562 957 623 1004 ut
647 945 777 1001 foris
810 946 950 999 bona
989 940 1235 1012 exempla
1271 938 1528 994 fratribus
1565 934 1863 1007 praibeant.
1888 938 1942 988 et
1992 930 2139 985 intus

562 1046 715 1094 recta
743 1034 1042 1091 intentione
1065 1033 1377 1103 persistant.
2112 1078 2117 1083 .

631 1129 702 1184 Et
725 1127 952 1199 requiem
973 1142 1078 1181 non
1110 1123 1299 1178 habent
1327 1122 1411 1176 die
1438 1138 1500 1175 ac
1525 1127 1674 1175 nocte
1710 1118 1935 1173 dicentia
1958 1129 1975 1167 :
2003 1113 2140 1169 San-

563 1229 697 1286 ctus,
714 1227 945 1282 sanctus,
966 1224 1202 1281 sanctus,
1225 1214 1480 1271 Dominus
1511 1213 1648 1267 Deus
1680 1208 2025 1280 omnipotens,
2049 1205 2141 1277 qui

562 1319 657 1374 est,
687 1318 738 1363 et
763 1309 853 1380 qui
879 1316 1010 1371 erat,
1040 1314 1089 1361 et
1117 1305 1207 1377 qui
1235 1313 1482 1360 venturus
1511 1312 1606 1358 est.
1639 1301 1886 1373 Requiem
1915 1316 2019 1353 non
2044 1298 2142 1352 ha-

572 1405 709 1472 bent,
734 1406 790 1460 id
833 1413 917 1460 est
966 1419 998 1458 a
1036 1403 1272 1459 clamore
1322 1417 1430 1457 non
1476 1408 1709 1456 cessant.
1766 1396 1920 1453 Unde
1971 1396 2143 1451 claret

542 1495 710 1565 quod
739 1493 988 1549 animalia
1019 1500 1252 1564 quatuor
1281 1500 1448 1547 totam
1485 1490 1783 1546 Ecclesium
1809 1488 2091 1557 designant
2124 1503 2139 1539 :

544 1586 694 1659 quia
719 1600 826 1640 non
850 1583 951 1639 soli
988 1583 1350 1653 evangelista,
1378 1581 1471 1636 sed
1501 1590 1556 1635 et
1596 1594 1785 1634 omnes
1829 1577 2014 1633 tldeles
2057 1575 2145 1631 die

567 1693 630 1733 ac
661 1684 837 1744 nocte,
867 1676 920 1730 id
944 1684 1028 1731 est
1076 1676 1131 1729 in
1171 1674 1444 1745 prosperis
1490 1680 1544 1728 et
1582 1672 1639 1727 in
1676 1670 1944 1737 adversis,
1975 1669 2146 1724 Deum

547 1752 792 1824 'laudare
817 1782 927 1823 non
951 1774 1189 1823 cessant.
1214 1766 1271 1821 ln
1309 1782 1374 1822 eo
1400 1774 1581 1821 autem
1626 1764 1770 1835 quod
1825 1771 1908 1817 ter
1959 1762 2149 1817 dicunt

566 1868 801 1922 sanctus,
829 1866 940 1914 tres
966 1873 1223 1928 personas
1252 1858 1550 1929 designant.
1593 1856 1830 1911 Dicendo
1858 1870 2011 1920 vero,
2038 1854 2146 1907 Do-

545 1937 742 2003 lminus
775 1949 917 2003 Deus
948 1949 1290 2019 omnipotens,
1321 1949 1482 2003 unius
1518 1947 1831 2002 substantiae
1880 1947 2048 2002 Deum
2090 1945 2148 2000 in

570 2041 658 2095 liis
690 2041 864 2095 tribus
898 2041 1206 2096 ostendunt.
1249 2039 1354 2095 Sed
1391 2040 1658 2110 quomodo
1712 2039 1967 2094 Trinitati
2018 2051 2149 2093 con-

570 2146 766 2201 gruere
789 2140 968 2202 potest
997 2133 1140 2202 quod
1165 2133 1218 2185 in
1242 2131 1466 2202 przefata
1490 2132 1646 2187 laude
1667 2131 1867 2187 dicitur
1882 2172 1896 2196 ,
1917 2132 2007 2203 qui
2027 2146 2149 2186 ven-

552 2234 722 2301 turus
746 2234 840 2289 est,
869 2240 989 2278 cum
1026 2224 1169 2280 solus
1191 2223 1362 2280 Filius
1386 2225 1453 2280 ad
1473 2224 1823 2295 judicandum
1861 2224 1919 2278 in
1957 2224 2149 2278 huma-

572 2316 742 2370 nitate
767 2324 1028 2370 venturus
1052 2312 1157 2370 sit?
1193 2312 1484 2370 Sciendum
1515 2314 1681 2386 igitur
1709 2314 1834 2383 quia
1865 2312 2149 2368 invisibilis

573 2404 812 2462 Trinitas
836 2420 934 2476 per
954 2412 1282 2475 assumptam
1305 2404 1425 2459 Filii
1445 2419 1730 2475 personam
1747 2401 1924 2473 justos
1941 2411 1995 2458 et
2018 2418 2148 2473 pec-

548 2478 789 2553 catores
827 2496 1177 2552 examinabit.
1205 2496 1398 2551 Veniet
1426 2504 1604 2549 autem
1650 2510 1757 2549 non
1802 2493 1868 2548 de
1914 2493 2032 2548 loco
2081 2493 2150 2548 ad

577 2589 755 2644 locum
784 2587 1129 2653 transeundo,
1155 2586 1250 2643 sed
1291 2602 1388 2656 per
1431 2594 1734 2656 susceptam
1771 2585 2006 2642 hominis
2036 2584 2147 2640 for-

577 2695 743 2745 mam,
771 2694 891 2750 quae
918 2678 985 2734 de
1008 2677 1145 2735 creto
1182 2678 1250 2733 ad
1290 2677 1543 2734 inferiora
1588 2676 1899 2743 descendet,
1926 2675 2153 2732 manife-

578 2778 716 2826 stam
743 2769 1038 2840 potentiam
1061 2769 1415 2826 osteudendo.
1446 2768 1631 2825 Potest
1656 2778 1709 2825 et
1747 2770 1850 2825 hoc
1875 2768 1993 2825 loco
2015 2783 2154 2838 prte-

577 2876 703 2916 sens
732 2859 1027 2916 divinitatis
1066 2860 1358 2927 adventus,
1388 2876 1496 2932 quo
1530 2861 1704 2918 sancti
1748 2862 1865 2932 ejus
1912 2859 2154 2929 quotidie

558 2948 933 3019 illustrantur,
959 2952 1203 3024 intelligi.
1236 2954 1433 3025 (Vsus.
1463 2954 1553 3028 9.)
1590 2954 1661 3008 Et
1687 2970 1805 3007 cum
1836 2954 2021 3007 darent
2058 2951 2154 3008 illa

578 3039 829 3095 animalia
875 3041 1116 3113 gloriam,
1153 3052 1201 3097 et
1229 3044 1492 3110 honorem,
1523 3053 1571 3098 et
1624 3044 2026 3100 benedictionem
2073 3061 2156 3118 se-

578 3133 720 3188 denti
757 3150 910 3205 super
956 3134 1199 3189 thronum
1248 3136 1431 3191 viventi
1474 3136 1529 3190 in
1567 3136 1759 3191 stecula
1808 3136 2153 3204 steculorum;

580 3225 765 3297 (Vens.
820 3224 906 3297 10)
940 3226 1274 3297 procidebant
1328 3229 1507 3300 viginti
1550 3239 1780 3300 quatuor
1832 3231 2081 3296 seniores,
2104 3240 2154 3286 et

579 3319 868 3376 adorabunt
891 3323 1136 3377 viventem
1164 3323 1217 3378 in
1241 3322 1436 3379 stecula
1461 3306 1796 3378 saeculorum.
1828 3323 1928 3377 Hic
1952 3323 2156 3378 anima-

556 3402 652 3485 :lia
675 3428 781 3468 non
802 3412 919 3482 jam
950 3430 1139 3485 genus,
1168 3416 1262 3472 sed
1287 3416 1519 3486 speciem
1547 3415 1780 3487 signant,
1804 3415 1856 3471 id
1886 3424 1979 3470 est'
1998 3432 2160 3471 evan-

581 3502 822 3575 gelistas.
848 3503 920 3559 At
941 3520 1069 3560 vero
1090 3522 1185 3577 per
1207 3507 1395 3577 viginti
1420 3515 1652 3577 quatuor
1677 3508 1920 3562 seniores
1944 3508 2159 3563 univer—

582 3593 713 3647 salis
743 3593 983 3649 Ecclesia
1012 3594 1068 3649 in
1116 3595 1355 3664 praelatis
1383 3604 1460 3651 set
1506 3595 1763 3665 subjectis
1816 3598 2156 3666 exprimitur.

582 3682 723 3736 Dant
749 3697 876 3753 ergo
896 3683 1149 3738 animalia
1174 3684 1399 3756 gloriam
1434 3692 1490 3740 et
1521 3686 1782 3741 honorem
1810 3687 2021 3741 sedenti
2071 3703 2162 3741 su-

583 3786 679 3842 per
720 3771 992 3841 thronum,
1024 3788 1148 3829 cum
1195 3774 1366 3829 sancti
1412 3775 1756 3845 evangelista:
1811 3775 2004 3829 docent
2061 3790 2160 3844 pro

581 3862 831 3919 omnibus
860 3864 1016 3920 bonis
1045 3863 1399 3932 laudandum;
1439 3873 1499 3920 ut
1521 3873 1605 3921 est
1629 3865 1756 3920 illud
1786 3884 1798 3920 :
1823 3865 2008 3920 datum
2028 3864 2163 3935 opti-

584 3973 745 4022 mum,
776 3964 832 4010 et
856 3956 1083 4027 reliqua.
1114 3956 1224 4013 Illis
1253 3958 1328 4012 ita
1356 3957 1681 4024 dicentibus,
1704 3949 1896 4029 viginti
1928 3964 2163 4028 quatuor

584 4047 843 4112 seniores,
877 4047 932 4103 id
971 4054 1055 4103 est
1078 4062 1268 4103 omnes
1296 4049 1488 4115 sancti,
1515 4049 1732 4115 cadunt,
1757 4048 1979 4103 humilia
2009 4049 2075 4104 de
2103 4062 2163 4104 se

581 4138 878 4193 sentiendo.
931 4137 1034 4195 Ubi
1088 4147 1270 4194 autem
1315 4139 1543 4204 cadunt,
1579 4139 1655 4195 ibi
1709 4139 1968 4204 adorant;
2028 4138 2158 4207 quia

581 4229 723 4283 unde
751 4228 853 4285 sibi
881 4228 1016 4283 nihil
1036 4229 1302 4295 tribuunt,
1325 4230 1448 4285 inde
1473 4230 1644 4284 Deum
1673 4231 1963 4285 honorant.
1988 4227 2161 4284 Casus

583 4329 763 4376 autem
803 4328 859 4376 et
898 4320 1140 4378 adoratio
1182 4321 1442 4393 spiritalis
1475 4322 1821 4395 intelligenda
1861 4329 1976 4387 est,
2004 4322 2162 4393 juxta

584 4412 712 4468 illud
740 4430 753 4465 :
783 4410 926 4466 Deus
953 4412 1168 4482 spiritus
1197 4422 1293 4479 est,
1318 4424 1367 4468 et
1412 4431 1499 4469 eos
1536 4414 1624 4485 qui
1660 4413 1886 4468 adorant
1917 4430 2036 4467 eum
2058 4454 2073 4479 ,
2105 4414 2163 4469 in

581 4504 769 4573 spiritu
790 4511 838 4557 et
866 4504 1078 4557 veritate
1113 4512 1312 4572 oportet
1355 4504 1579 4557 adorare
1627 4503 1810 4574 (Joan.
1840 4519 1916 4568 IV,
1945 4503 2057 4576 24).
2091 4503 2163 4556 Et

580 4594 849 4651 mittebant
875 4611 1095 4649 coronas
1123 4610 1247 4649 suas
1272 4604 1392 4649 ante
1418 4595 1682 4661 thronum,
1713 4594 1959 4659 dicentes,
1988 4606 2042 4649 et
2072 4610 2161 4649 re-

578 4688 745 4759 liqua.
773 4687 892 4770 lloc
920 4687 1096 4770 ipsum
1133 4687 1347 4758 repetit.
1375 4685 1630 4743 Seniores
1666 4687 1811 4741 enim
1847 4693 1971 4741 ante
2012 4687 2163 4742 thro-

581 4796 710 4835 num
761 4766 989 4835 coronas
1032 4766 1159 4835 suas
1205 4795 1429 4850 ponere,
1465 4787 1550 4834 est
1586 4778 1788 4835 electos
1836 4779 1924 4850 pia
1963 4779 2161 4835 mentis

581 4870 916 4927 confessione
965 4878 1090 4925 ante
1147 4871 1505 4927 conscientias
1565 4885 1720 4935 suas,
1770 4871 1965 4940 quibus
2019 4870 2161 4926 Deus

580 4962 852 5034 praesidet,
880 4961 947 5017 de
975 4962 1212 5031 acceptis
1240 4962 1532 5017 virtutibus
1577 4968 1845 5016 tumorem
1895 4961 2160 5030 superbia:

581 5055 870 5127 deponere,
894 5064 949 5110 et
980 5055 1293 5126 praesidenti
1329 5056 1432 5110 sibi
1478 5065 1672 5111 cuncta
1708 5056 1974 5121 tribuere;
2017 5055 2160 5111 unde

581 5156 634 5203 et
673 5148 859 5204 dicunt
890 5166 904 5202 :
937 5148 1122 5221 (Vsus.
1161 5146 1250 5220 11)
1286 5147 1488 5219 Dignus
1530 5166 1611 5213 es,
1643 5147 1865 5203 Domine
1889 5148 2031 5203 Deus
2062 5166 2153 5204 no-

577 5247 702 5302 ster,
733 5237 967 5308 accipere
1005 5237 1248 5310 gloriam,
1270 5247 1316 5293 et
1344 5239 1612 5307 honorem,
1640 5248 1688 5294 et
1720 5239 1979 5294 virtutem.
2006 5239 2083 5296 Ac
2108 5241 2156 5297 si

579 5329 762 5385 dicant
797 5347 809 5383 :
836 5329 959 5385 Tibi
990 5331 1358 5401 principaliter
1384 5332 1487 5387 ista
1517 5332 1861 5397 conveniunt,
1904 5347 1935 5385 a
1967 5347 2075 5402 quo
2102 5338 2159 5387 et

580 5435 674 5490 per
699 5433 857 5490 quem
886 5427 940 5475 et
965 5419 1019 5474 in
1046 5437 1154 5492 quo
1180 5429 1263 5477 est
1287 5422 1456 5492 gloria
1482 5429 1538 5475 et
1565 5422 1736 5475 honor
1756 5430 1811 5476 et
1831 5422 2007 5476 virtus
2031 5436 2157 5476 san-

579 5518 813 5565 ctorum.
847 5509 952 5565 Sed
974 5510 1208 5581 quidest
1242 5512 1386 5582 quod
1427 5510 1709 5580 sequitur:
1737 5512 1859 5580 quia
1890 5520 1946 5564 tu
1969 5510 2159 5565 creasti

580 5602 773 5666 omnia,
801 5612 848 5657 et
873 5613 1085 5683 propter
1110 5604 1427 5659 voluntatem
1478 5613 1625 5658 tuam
1677 5612 1849 5669 erant,
1875 5612 1924 5657 et
1978 5614 2155 5659 creata

484 5757 493 5767 _
579 5693 739 5747 sunt?
766 5690 825 5748 Si
854 5695 998 5748 enim
1028 5705 1211 5750 creata
1241 5704 1387 5762 sunt,
1407 5695 1678 5768 quomodo
1690 5702 1981 5763 antequam
2006 5709 2159 5750 crea-

577 5790 789 5850 rentur,
811 5787 999 5841 erant?
1028 5785 1319 5842 Sciendum
1343 5804 1469 5860 ergo
1490 5788 1618 5859 quia
1636 5795 1792 5843 erant
1811 5786 1866 5842 in
1881 5786 2158 5857 praedesti-

582 5874 822 5945 natione,
844 5876 1160 5954 priusquam
1186 5877 1379 5933 fierent
1398 5878 1453 5932 in
1480 5894 1662 5951 Opere.

1400 452 1461 507 Β.
1500 448 1564 506 F.
1603 447 1828 504 ALBINI
1866 444 1998 502 SEU
2036 440 2310 499 ALCUINI
2344 437 2629 497 OPERUM
2665 436 2845 495 PARS
2874 438 2941 495 ll.

2191 4640 2244 4703 D

3674 436 3869 503 Ηυξ

2308 647 2472 703 Vnus.
2500 646 2551 699 l.
2575 675 2647 685 —
2671 644 2742 700 Et
2771 646 2876 700 vidi
2897 646 2953 701 in
2975 646 3191 702 dextera
3220 647 3447 703 sedentis
3468 662 3634 718 super
3677 649 3830 703 thro-

2238 756 2361 794 num
2389 738 2580 793 librum
2605 738 2856 809 scriptum
2878 739 3020 793 intus
3052 749 3100 794 et
3129 738 3280 809 foris.
3309 739 3415 795 Per
3442 741 3729 797 sedentem
3764 741 3829 796 in

2236 830 2465 893 throno,
2504 829 2683 885 Patris
2724 844 2956 901 persona
3009 830 3354 885 ostenditur:
3394 846 3494 901 per
3542 832 3829 887 dexteram

2235 937 2367 979 vero
2392 922 2647 987 sedentis,
2680 922 2922 1000 ejusdem
2949 922 3127 977 Patris
3151 921 3321 979 Filius
3344 939 3443 993 per
3466 939 3632 994 quem
3677 923 3831 980 facta

2238 1023 2363 1071 sunt
2386 1015 2565 1070 omnia
2584 1055 2599 1081 ,
2624 1023 2678 1070 et
2707 1016 2773 1069 de
2801 1029 2909 1084 quo
2931 1022 3157 1084 paterna
3181 1030 3315 1071 voce
3335 1015 3533 1072 dicitur
3565 1034 3580 1071 :
3616 1015 3830 1072 Tollam

2240 1109 2295 1164 in
2345 1109 2543 1165 cretum
2582 1123 2801 1162 manum
2852 1123 3059 1173 meam,
3087 1118 3144 1163 et
3166 1108 3362 1179 juraho
3389 1122 3488 1179 per
3541 1109 3828 1164 dexteram

2240 1218 2439 1258 meam.
2464 1202 2625 1257 Liber
2644 1209 2827 1256 autem
2853 1200 3088 1272 scriptus
3111 1201 3253 1255 intus
3280 1211 3329 1256 et
3355 1202 3508 1272 foris,
3531 1209 3830 1272 utrumque

2243 1295 2668 1359 Testamentum,
2711 1294 2874 1349 Vetus
2918 1293 3126 1348 scilicet
3167 1303 3226 1348 et
3266 1291 3496 1358 Novum,
3543 1301 3831 1348 continere

2242 1387 2482 1453 videtur;
2512 1396 2566 1443 et
2592 1388 2761 1443 Vetus
2800 1387 3017 1456 quidem
3045 1385 3201 1454 juxta
3235 1386 3473 1441 litteram
3498 1384 3644 1445 loris
3679 1395 3831 1455 pate-

2230 1478 2359 1545 bat,
2391 1478 2482 1534 sed
2515 1475 2671 1545 juxta
2712 1476 3001 1548 mysticum
3047 1475 3380 1531 intellectum
3412 1475 3579 1535 intus
3623 1473 3832 1530 Novum

2245 1568 2569 1625 occultabat.
2602 1566 2730 1623 Sive
2756 1568 2902 1622 intus
2926 1567 3063 1622 liber
3088 1566 3322 1636 scriptus
3360 1565 3676 1621 ostenditur
3710 1566 3834 1621 alle-

2246 1661 2420 1733 goria,
2446 1658 2583 1715 foris
2608 1658 2855 1715 historia.
2887 1658 3095 1713 Idcirco
3126 1665 3307 1712 autem
3340 1657 3509 1713 Vetus
3528 1665 3589 1711 et
3623 1654 3834 1711 Novum

2249 1754 2652 1809 Testamentum
2689 1767 2827 1807 unus
2859 1752 2999 1808 liber
3022 1751 3242 1817 dicitur,
3270 1750 3396 1820 quia
3422 1765 3528 1805 nec
3554 1749 3772 1804 Novum
3802 1766 3835 1805 a

2248 1844 2451 1910 Veteri,
2479 1858 2579 1899 nec
2597 1859 2814 1899 rursum
2840 1844 3008 1898 Vetus
3038 1858 3070 1896 a
3095 1841 3244 1896 Novo
3274 1839 3419 1895 valet
3446 1840 3729 1910 distingui.
3772 1841 3840 1897 Et
3894 1862 3903 1867 κ

2174 1918 2224 1981 Β
2252 1943 2398 1991 recte
2421 1935 2475 1989 in
2504 1935 2728 1990 dextera
2754 1934 2891 1989 liber
2935 1948 3056 1988 esse
3101 1932 3320 1998 dicitur,
3358 1931 3488 2000 quia
3519 1931 3839 2002 principalis

2252 2027 2555 2082 divinarum
2586 2024 2979 2097 Scripturarum
3008 2025 3236 2080 intentio
3263 2024 3332 2079 ad
3377 2025 3836 2096 dispensationem

2252 2121 2423 2175 nostri
2438 2118 2814 2189 Redemptoris
2838 2115 3091 2173 refertur.
3111 2115 3393 2187 Signatum
3408 2117 3587 2187 sigillis
3604 2129 3828 2188 septem.

2255 2198 2606 2281 septenarius
2642 2224 2900 2265 numerus
2927 2209 3341 2264 universitatem
3381 2222 3509 2278 saepe
3547 2209 3816 2280 designat.

2256 2300 2474 2371 Septem
2500 2309 2680 2355 autem
2709 2298 2900 2371 sigillis
2925 2298 3062 2353 liber
3081 2297 3326 2368 signatus
3348 2311 3466 2354 esse
3490 2299 3829 2368 perhibetur,

2254 2392 2379 2462 quia
2408 2390 2739 2461 dispensatio
2783 2389 2996 2444 Domini
3034 2387 3334 2445 Salvatoris
3356 2398 3651 2459 antequam
3677 2405 3835 2446 reve-

2255 2484 2361 2540 lata
2394 2486 2445 2539 in
2478 2483 2811 2555 plenitudine
2851 2490 3152 2553 temporum
3176 2481 3394 2549 fuisset,
3425 2483 3478 2538 in
3510 2484 3711 2540 divinis
3741 2500 3838 2540 vo-

2255 2574 2547 2630 luminibus
2584 2571 2871 2629 omnifaria
2901 2572 3280 2645 mysteriorum
3327 2572 3617 2629 latentium
3663 2574 3838 2644 pleni-

2258 2665 2442 2720 tudine
2484 2663 2933 2719 abscondebatur.
2982 2662 3038 2717 Si
3079 2661 3238 2719 alicui
3267 2663 3369 2719 iste
3396 2664 3709 2720 intellectus
3736 2680 3842 2721 non

2256 2756 2489 2822 sufﬁcit,
2521 2755 2765 2822 noverit,
2796 2754 2852 2810 in
2902 2762 3107 2826 septem
3160 2754 3350 2827 sigillis
3393 2766 3605 2825 septem
3657 2758 3843 2813 modos

2256 2849 2546 2904 verborum
2590 2846 2991 2918 comprehendi.
3032 2846 3406 2914 lndicativum,
3433 2857 3494 2903 ut
3532 2849 3671 2903 illud
3701 2849 3842 2919 quod

2259 2941 2525 3013 quaerenti
2554 2941 2831 3011 propheta:
2852 2938 3053 2996 dicitur
3079 2959 3092 2993 :
3115 2941 3229 3013 Ego
3251 2941 3509 2996 Dominus
3529 2943 3628 3012 qui
3658 2942 3846 3013 loquor

2252 3033 2518 3107 justitiam
2572 3032 2707 3105 (Isa.
2740 3048 2864 3099 xcv,
2895 3032 3007 3106 19).
3051 3032 3546 3101 Pronuntiativum,
3578 3043 3641 3090 ut
3668 3035 3799 3092 illud
3825 3055 3842 3092 :

2258 3124 2397 3178 Audi
2424 3140 2506 3177 me
2530 3122 2693 3178 Jacob
2723 3134 2770 3179 et
2807 3122 2979 3177 Israel
3008 3140 3161 3195 quem
3202 3140 3293 3196 ego
3330 3142 3477 3191 voco,
3502 3134 3564 3181 et
3617 3127 3843 3198 reliqua.

2263 3213 2414 3287 (Isa.
2444 3230 2638 3279 xum,
2674 3213 2757 3269 l2.
2783 3213 2802 3288 )
2831 3214 3234 3285 lmperativum,
3255 3223 3314 3270 ut
3337 3215 3466 3272 illud
3499 3235 3514 3271 :
3549 3215 3759 3284 Clama,
3783 3237 3847 3276 ne

2183 3286 2229 3350 (ἶ
2260 3286 2421 3361 cesses
2445 3304 2578 3375 (Isa.
2606 3322 2753 3369 Lvm,
2781 3286 2856 3378 1).
2882 3306 3213 3377 Optativum,
3233 3308 3387 3378 juxta
3413 3309 3545 3363 illud
3577 3328 3591 3363 :
3625 3309 3844 3366 Utinam

2258 3397 2563 3452 attendisses
2602 3397 2855 3450 mandata
2884 3413 3000 3451 mea
3045 3397 3180 3471 (Isa.
3210 3398 3498 3470 vam,l)!
3531 3399 3849 3470 Conjuneti-

2258 3506 2413 3555 vum,
2445 3498 2505 3542 ut
2542 3488 2669 3543 illud
2711 3506 2723 3541 :
2766 3486 2824 3542 Si
2854 3489 3204 3545 custodieritis
3233 3500 3446 3560 pactum
3477 3473 3675 3559 meum,
3700 3496 3847 3552 eritis

2258 3581 2387 3634 mihi
2429 3582 2484 3633 in
2521 3579 2781 3651 peculium
2836 3579 3050 3652 (Exod.
3081 3581 3318 3654 xtx,5).
3376 3582 3743 3653 Infinitivum,
3789 3598 3849 3643 ut

2260 3676 2391 3732 illud
2419 3695 2430 3729 :
2455 3675 2745 3733 Continere
2775 3691 2807 3729 a
2847 3675 2989 3730 malo
3017 3675 3371 3747 intelligentia
3419 3686 3523 3733 est.
3573 3678 3848 3750 lmperso-

2261 3766 2402 3831 nale,
2436 3774 2496 3819 ut
2533 3773 2615 3821 est
2644 3783 2659 3820 :
2701 3764 2831 3831 Quis
2873 3764 3114 3835 loquetur
3138 3768 3391 3823 aotentias
3417 3767 3632 3824 Domini
3670 3770 3846 3841 (Psal.

2260 3876 2348 3927 cv,
2370 3860 2462 3930 2)?

2335 3956 2500 4012 Vens.
2531 3955 2585 4010 2.
2615 3986 2686 3995 --
2711 3955 2779 4011 Et
2803 3956 2907 4011 vidi
2944 3954 3187 4027 angelum
3238 3955 3424 4026 fortem
3470 3958 3848 4028 praedicantem

2262 4063 2383 4102 voce
2416 4062 2608 4117 magna
2647 4059 2665 4098 :
2708 4046 2839 4113 Quis
2876 4047 3064 4116 dignus
3092 4057 3170 4102 est
3199 4049 3401 4118 aperire
3422 4047 3648 4115 librum,
3676 4060 3725 4103 et
3744 4049 3849 4104 sol-

2263 4155 2376 4195 vere
2401 4136 2674 4209 signacula
2703 4138 2860 4208 ejus?
2886 4137 2992 4192 Per
3013 4137 3263 4209 angelum
3289 4138 3484 4194 fortem
3505 4154 3692 4209 praeco
3711 4139 3850 4210 legis

2264 4229 2425 4285 debet
2481 4229 2739 4300 intelligi;
2796 4229 2938 4284 labia
2987 4230 3131 4283 enim
3187 4231 3484 4286 sacerdotis
3536 4232 3855 4287 custodiunt

2265 4321 2568 4385 scientiam,
2597 4328 2652 4376 et
2687 4319 2857 4391 legem
2894 4320 3180 4392 requirunt
3205 4335 3273 4375 ex
3301 4336 3396 4377 ore
3422 4322 3563 4393 ejus,
3592 4321 3855 4392 quoniam

2265 4414 2488 4484 angelus
2512 4412 2727 4467 Domini
2764 4412 3097 4467 exercituum
3127 4420 3228 4468 est.
3258 4411 3396 4480 Quid
3420 4420 3504 4468 est
3538 4422 3729 4468 autem
3770 4429 3858 4470 re-

2264 4507 2497 4577 quirere,
2531 4507 2654 4576 quis
2692 4504 2887 4574 diguus
2932 4505 3004 4560 sit
3043 4504 3253 4561 solvere
3295 4506 3524 4575 librum,
3554 4507 3662 4562 nisi
3692 4508 3857 4563 anxie

2265 4595 2542 4651 Christum
2594 4596 2933 4651 desiderare?
2988 4596 3082 4665 qui
3126 4598 3297 4667 possit
3347 4598 3401 4652 in
3452 4613 3513 4654 se
3559 4600 3860 4657 ostendere

2266 4686 2439 4759 legem
2464 4701 2583 4741 esse
2609 4686 2884 4756 impletam
2905 4693 2960 4741 et
2980 4686 3294 4751 revelatam,
3311 4696 3581 4757 quatenus
3611 4706 3723 4745 non
3738 4693 3858 4762 jam

2268 4779 2579 4844 carnaliter,
2604 4778 2698 4833 sed
2725 4777 3038 4848 spiritaliter
3065 4778 3259 4834 debeat
3283 4779 3490 4835 servari
3512 4789 3570 4835 et
3599 4782 3852 4854 intelligi.

2266 4869 2333 4924 Et
2360 4877 2507 4925 recte
2544 4870 2697 4938 prius
2722 4869 2857 4923 liber
2886 4870 3147 4939 aperitur,
3172 4870 3363 4926 deinde
3400 4870 3610 4941 septem
3635 4871 3757 4941 ejus
3782 4876 3861 4929 si—

2265 4958 2492 5030 gnacula
2516 4959 2815 5023 solvuntur,
2839 4960 2966 5030 quia
2988 4968 3115 5015 ante
3140 4960 3193 5015 in
3226 4961 3443 5017 Christo
3474 4964 3675 5021 divinas
3717 4966 3859 5038 legis

2264 5050 2533 5122 praeconia
2568 5051 2786 5121 impleta
2816 5062 2962 5119 sunt,
2994 5052 3187 5109 deinde
3220 5054 3276 5109 in
3301 5062 3416 5110 toto
3445 5072 3678 5127 corpore
3707 5075 3858 5131 qua-

2263 5146 2387 5201 dam
2417 5144 2646 5210 ratione,
2678 5145 2816 5200 sicut
2857 5144 3095 5199 declarat
3136 5146 3468 5214 singulorum
3515 5151 3733 5219 apertio
3775 5153 3857 5208 si-

2262 5238 2531 5310 gillorum.
2561 5237 2630 5292 Et
2655 5238 2781 5307 quia
2808 5238 3034 5293 necdum
3072 5237 3321 5295 Christus
3351 5240 3669 5309 advenerat,
3700 5256 3858 5303 recte

2262 5329 2603 5400 subiungitur
2637 5345 2649 5381 :
2686 5328 2872 5400 (Vnus.
2925 5329 2980 5401 5)
3011 5328 3081 5383 Et
3134 5346 3282 5385 nemo
3317 5341 3521 5402 poterat
3575 5352 3748 5407 neque
3795 5340 3860 5394 its

2263 5421 2409 5487 caelo,
2441 5422 2646 5478 scilicet
2674 5422 2925 5491 angelus;
2974 5440 3136 5494 neque
3176 5425 3231 5479 in
3258 5435 3423 5492 terra,
3452 5428 3509 5483 id
3533 5437 3622 5485 est
3651 5431 3855 5500 homo;

2264 5532 2425 5586 neque
2452 5514 2550 5571 sub
2579 5525 2740 5581 terra,
2765 5516 2821 5571 id
2847 5524 2931 5571 est
2958 5517 3160 5583 anima,
3186 5520 3388 5590 aperire
3433 5519 3650 5589 librum,
3683 5541 3859 5597 neque

2263 5606 2513 5677 respicere
2552 5606 2719 5662 illum.
2762 5606 2897 5662 Nam
2932 5608 3109 5663 nullus
3134 5609 3325 5666 horum
3373 5613 3628 5670 humana:
3657 5617 3859 5673 salutis

2263 5700 2715 5770 dispensationem
2756 5700 3016 5771 perﬁcere
3059 5703 3452 5773 poterat-Sed,
3485 5706 3649 5763 beate
3683 5707 3856 5764 Joan-

2264 5806 2383 5857 nes,
2405 5793 2675 5862 quomodo
2716 5806 2875 5849 nemo
2896 5794 3071 5864 potuit
3100 5795 3370 5865 respicere
3388 5797 3611 5863 librum,
3635 5815 3766 5856 cum
3789 5811 3855 5857 tn

2266 5885 2380 5957 ipse
2400 5886 2548 5943 dicas
2573 5905 2585 5970 ς
2616 5886 2963 5970 Vidi‘librum
2993 5888 3049 5942 in
3070 5889 3288 5946 dextera
3318 5890 3449 5948 Dei?
3489 5891 3634 5950 forte
3663 5909 3768 5950 nec
3792 5894 3859 5952 in
