4088 6330
238 416 369 474 “21

976 410 1385 469 EXEGETICA.
1424 440 1495 452 -—
1531 405 1886 466 COMMENT.
1926 405 1996 462 IN
2032 403 2323 463 APOCAL.
2363 435 2434 447 —
2471 403 2600 460 LIB.
2642 403 2729 459 Ill.

3356 405 3495 462 “2‘2

238 526 392 593 caelo,
424 539 525 583 nec
542 522 600 582 in
623 533 788 594 terra,
812 542 913 583 nec
933 529 1032 582 sub
1053 536 1195 582 terra
1223 525 1406 580 fuisti?
1429 524 1507 580 Ne
1530 539 1658 596 ergo
1683 539 1812 578 con-
1835 521 1890 582 Δ
1914 521 2298 576 eminentiores
2350 521 2404 575 in
2451 519 2692 575 Ecclesia
2738 515 2986 588 intelligi,
3026 517 3221 588 quibus
3255 519 3452 576 dicitur
3482 539 3496 577 :

242 620 466 677 trarium
488 619 576 686 sit,
597 620 848 690 respicere
865 634 964 688 pro
991 617 1420 689 comprehendere
1443 615 1814 686 accipiendum

240 719 341 766 est.
375 709 508 777 Quis
533 709 677 763 enim
721 707 1173 778 comprehendere
1207 705 1420 770 sufﬁcit,
1442 704 1711 775 quomodo
1740 702 1816 756 in-

241 809 495 858 carnatur
519 800 635 855 sine
662 801 867 854 semine
909 800 1084 854 Deus?
1130 798 1408 866 Quomodo
1453 796 1636 851 clauso
1683 793 1816 848 exiit

1929 612 2027 668 Vos
2054 616 2109 668 in
2131 631 2288 668 carne
2329 631 2434 668 non
2473 614 2616 678 estis,
2646 611 2736 666 sed
2763 613 2817 666 in
2847 611 3031 682 spiritu
3063 610 3239 684 (Rom.
3277 628 3400 679 vm,
3423 614 3499 684 9).

1917 708 2101 778 (Vens.
2129 707 2205 779 7.)
2236 707 2304 761 Et
2337 709 2469 762 venit
2496 717 2544 762 et
2573 707 2771 778 accepit
2800 705 2990 760 librum
3019 707 3081 760 de
3105 707 3290 761 dextra
3320 708 3506 762 seden-

1916 796 1982 850 tis
2008 799 2063 851 in
2095 797 2300 850 throno.
2352 796 2496 852 idem
2533 805 2617 851 est
2660 795 2882 852 dextera
2914 796 3151 852 sedentis
3190 797 3243 850 in
3287 797 3501 861 throno,

240 905 396 950 utero
422 893 643 964 virginis
663 893 823 946 homo
852 891 1027 945 Deus?
1075 887 1353 957 Quomodo
1401 886 1657 942 Dominus
1701 883 1819 955 glo-
1915 888 2007 959 qui
2034 899 2087 943 et
2117 905 2285 959 agnus
2319 897 2574 959 tanquam
2604 889 2814 944 occisus
2844 889 2897 943 in
2932 889 3108 943 medio
3140 889 3347 954 throni;
3379 890 3503 959 quia

241 983 334 1038 ria:
362 983 728 1052 cruciﬁgatur,
760 998 882 1037 cum
919 983 1031 1037 sola
1051 997 1179 1036 caro
1206 978 1506 1035 moriatur?

310 1074 473 1129 Vens.
503 1074 556 1126 4.
585 1103 654 1112 -
683 1071 751 1126 Et
780 1089 872 1143 ego
902 1072 1088 1142 ﬂebam
1116 1069 1359 1135 multum,
1389 1067 1637 1138 quoniam
1668 1082 1817 1120 nemo

237 1165 432 1236 dignus
477 1166 713 1219 inventus
757 1174 833 1218 est
868 1163 1068 1234 aperire
1095 1161 1316 1226 librum,
1359 1176 1449 1214 nec
1474 1159 1642 1213 videre
1678 1173 1815 1211 eum.

239 1257 595 1328 Nequaquam
639 1255 874 1311 Joannes
909 1256 964 1309 in
1007 1271 1102 1310 sua
1138 1267 1367 1324 persona
1397 1251 1606 1305 ﬂevisse
1644 1248 1820 1304 credi—

237 1357 344 1412 tur,
378 1347 473 1417 qui
505 1353 627 1417 post
655 1343 813 1414 hujus
848 1343 970 1398 libri
1009 1343 1342 1414 apertionem
1385 1340 1490 1395 ista
1527 1339 1817 1401 scribebat,

234 1441 329 1495 sed
410 1440 466 1492 in
496 1436 613 1506 ejus
659 1436 912 1492 Ecclesia:
947 1452 1066 1505 quae
1116 1442 1241 1488 ante
1291 1433 1577 1487 adventum
1618 1429 1820 1485 Christi

231 1529 368 1595 fuit,
411 1544 530 1598 qum
559 1537 781 1600 gravata
810 1526 1066 1581 oneribus
1095 1533 1467 1596 peccatorum,
1508 1519 1823 1576 mediatoris

231 1621 316 1676 sui
350 1619 704 1691 praesentiam
737 1617 894 1671 anxia
925 1617 1218 1685 qumrebat.
1251 1615 1308 1668 ln
1337 1612 1491 1682 cujus
1516 1612 1676 1665 etiam
1699 1625 1824 1679 per-

231 1726 366 1766 sona
403 1709 570 1763 David
601 1708 731 1764 dicit
761 1725 774 1761 :
809 1705 1048 1760 Fuerunt
1076 1706 1200 1759 mihi
1227 1704 1475 1775 lacrymce
1502 1719 1630 1756 mete
1664 1717 1822 1766 panes

153 1825 178 1844 θ
229 1803 314 1859 die
339 1819 412 1857 ac
437 1811 606 1867 nocte,
635 1801 760 1853 dum
781 1799 974 1852 dicitur
1001 1799 1126 1850 mihi
1155 1796 1425 1868 quotidie:
1457 1793 1555 1848 Ubi
1578 1802 1651 1848 est
1680 1792 1823 1846 Deus

1917 979 2011 1032 Dei
2041 979 2229 1044 Filius,
2255 995 2352 1050 per
2377 996 2537 1050 quem
2567 989 2782 1035 creatus
2809 989 2891 1035 est
2913 981 3168 1045 mundus,
3192 990 3246 1035 et
3273 983 3510 1036 hominis

1919 1067 2077 1132 ﬁlius,
2122 1083 2218 1138 per
2258 1086 2417 1140 quem
2463 1070 2770 1140 redemptus
2813 1078 2914 1134 est,
2942 1085 3048 1124 non
3079 1071 3206 1135 duo,
3235 1071 3328 1124 sed
3369 1085 3510 1124 unus

1919 1169 2002 1214 est
2032 1158 2302 1214 Christus.
2340 1160 2699 1227 Quamobrem
2730 1176 2925 1231 agnus,
2961 1160 3014 1214 id
3051 1171 3133 1215 est
3165 1161 3401 1215 hominis
3441 1160 3508 1214 ﬁ-

1921 1252 2024 1307 lius
2054 1269 2085 1306 a
2110 1254 2306 1323 seipso,
2348 1253 2399 1308 id
2419 1263 2502 1309 est
2529 1270 2559 1308 a
2585 1271 2679 1309 sua
2711 1254 3016 1320 divinitate,
3049 1256 3260 1326 accepit
3285 1255 3508 1321 librum,

1921 1342 1976 1396 id
2016 1352 2099 1398 est
2140 1345 2389 1398 humanae
2432 1345 2625 1399 salutis
2667 1346 3142 1416 dispensationem,
3190 1347 3278 1402 cui
3321 1362 3511 1402 omnes

1925 1431 2331 1502 Scripturarum
2353 1435 2562 1504 paginm
2588 1444 2932 1491 attestantur.

1999 1543 2160 1596 Vens.
2213 1543 2265 1596 8.
2318 1573 2388 1581 —
2433 1540 2502 1595 Et
2546 1560 2662 1597 cum
2701 1546 2989 1614 aperuisset
3026 1547 3239 1614 librum,
3283 1557 3515 1618 quatuor

1923 1633 2176 1688 animalia
2215 1646 2260 1688 et
2293 1636 2472 1705 viginti
2509 1646 2735 1707 quatuor
2755 1640 2982 1694 seniores
3005 1641 3298 1695 ceciderunt
3334 1658 3510 1696 coram

1925 1743 2062 1796 agno
2106 1727 2349 1782 habentes
2395 1727 2589 1798 singuli
2641 1729 2890 1795 citharas,
2947 1749 3009 1784 ac
3059 1731 3266 1803 phialas
3323 1749 3513 1788 aureas

1925 1816 2106 1886 plenas
2126 1818 2601 1884 odoramentorum,
2627 1837 2744 1890 qua:
2769 1831 2888 1874 sunt
2911 1822 3171 1878 orationes
3189 1834 3511 1880 sanctorum.

230 1907 352 1951 “m3
389 1894 563 1987 (Ρδαίτ
596 1909 710 1959 κων
736 1891 829 1987 ’ξλῗ
881 1891 1001 1987 cui“
1030 1889 1331 1987 C_‘_’“S°la”9
1376 1886 1626 1987 δίνίβίίξξν
1668 1885 1824 1987 inve?
1854 1869 1900 1930 Β
1926 1869 2082 1962 ιΓιιιιίι
2122 1923 2292 1978 agnus
2336 1908 2531 1962 librum
2575 1869 2806 1979 apjeruit,
2845 1927 2969 1966 cum
3009 1929 3144 1983 opus
3192 1915 3514 1969 voluntaria:

231 1989 381 2058 quod
411 1986 659 2040 subditur
687 1999 700 2037 :
733 1983 918 2053 (Vens.
958 1981 1011 2053 5)
1040 1980 1106 2033 Et
1132 1997 1264 2033 unus
1295 1979 1358 2032 de
1384 1977 1671 2032 senioribus
1696 1975 1826 2030 dicit

231 2083 393 2147 mihi,
423 2079 505 2134 Ne
524 2080 746 2150 fleveris.
778 2076 912 2130 Ecce
941 2076 1056 2130 vicit
1093 2075 1171 2130 leo
1201 2076 1264 2129 de
1295 2075 1435 2128 tribu
1464 2074 1640 2139 Juda,
1671 2072 1826 2126 radix

233 2170 444 2235 David,
499 2170 700 2239 aperire
746 2169 967 2233 librant,
1021 2177 1068 2220 et
1129 2165 1325 2219 solvere
1368 2162 1640 2232 signacula
1690 2161 1822 2230 ejus.

235 2262 344 2317 Pcr
413 2275 582 2313 unum
648 2259 915 2314 seniorem
975 2256 1108 2310 ordo
1166 2255 1482 2324 intelligitur
1541 2251 1827 2322 propheta-

237 2368 364 2408 rum
383 2391 398 2415 ,
429 2367 657 2421 quorum
683 2350 917 2405 oraculis
957 2347 1336 2402 consolabatur
1362 2343 1634 2409 Ecclesia;
1673 2343 1828 2412 juxta

238 2443 375 2498 illud
424 2460 436 2496 :
471 2442 594 2498 Non
621 2443 890 2513 auferetur
911 2452 1170 2511 sceptrum
1197 2440 1260 2492 de
1303 2436 1472 2501 Iuda,
1505 2451 1605 2491 nec
1631 2435 1741 2488 dua:
1767 2436 1830 2490 de

238 2533 542 2587 femoribus
571 2533 704 2603 ejus,
749 2533 911 2586 donec
958 2531 1126 2586 veniat
1174 2530 1261 2600 qui
1307 2527 1588 2582 mittendus
1633 2536 1728 2579 est.
1763 2525 1832 2580 Et

237 2633 372 2680 nota
407 2626 550 2694 quod
598 2624 686 2678 hic
715 2622 964 2678 Christus
993 2621 1076 2677 leo
1117 2621 1334 2684 dicitur,
1389 2620 1513 2688 quia
1558 2616 1830 2673 diabolum

236 2718 405 2773 vicit:
431 2718 485 2771 in
507 2715 752 2786 sequenti
779 2731 937 2771 versu
963 2730 1152 2784 agnus,
1175 2713 1300 2783 quia
1329 2711 1676 2780 semetipsum
1703 2708 1833 2764 oll'e-

241 2827 378 2868 rens
410 2812 668 2866 mundum
699 2813 945 2866 redemit.
993 2809 1169 2864 Radix
1206 2819 1379 2863 autem
1413 2807 1614 2871 David,
1661 2807 1714 2860 id
1752 2813 1834 2861 est

239 2920 420 2977 genus
435 2913 492 2960 et
503 2904 646 2960 ﬁlius
667 2903 856 2960 David.
881 2903 1184 2960 Notandum
1207 2913 1468 2974 praeterea
1499 2901 1624 2972 quia
1648 2901 1832 2955 dicen-

240 2997 312 3051 do
370 2996 488 3052 vicit
518 3037 532 3062 ,
557 2997 893 3066 praeteritum
917 3012 1012 3066 pro
1043 2995 1225 3049 futuro
1247 2994 1455 3064 posuit;
1483 2992 1636 3062 juxta
1664 2993 1792 3048 illud
1817 3011 1830 3047 ;

237 3087 290 3142 F
294 3089 524 3144 oderunt
580 3105 766 3144 manus
816 3106 981 3155 meas;
1012 3100 1068 3144 et
1097 3089 1322 3158 reliqua.
1359 3086 1534 3159 (Psal.
1573 3103 1684 3151 xxi,
1720 3086 1832 3160 l7.)

1927 1999 2196 2068 passionis
2224 1998 2483 2068 implevit.
2517 1997 2655 2065 Quid
2685 2015 2816 2055 vero
2841 2009 2925 2055 est
2953 2002 3207 2056 animalia
3236 2011 3291 2057 et
3333 2003 3512 2058 senio-

1928 2106 2020 2145 res
2047 2091 2288 2145 citharas
2332 2091 2562 2154 habere,
2617 2091 2720 2147 nisi
2771 2093 3064 2148 electorum
3109 2094 3407 2151 Ecclesiam
3451 2110 3516 2150 ea
3581 2079 3602 2130 ·’

1929 2196 2049 2250 qum
2101 2182 2298 2236 desunt
2352 2197 2726 2250 pressurarum
2781 2183 2982 2238 Christi
3036 2185 3310 2254 implere?
3377 2185 3516 2256 Apte

1931 2279 2112 2324 autem
2143 2284 2239 2338 per
2282 2269 2521 2324 citharas
2543 2271 2824 2338 passiones
2845 2270 3046 2325 Christi
3084 2271 3387 2342 ﬁgurantur
3454 2272 3516 2328 ln

1932 2362 2139 2417 cithara
2163 2361 2307 2415 enim
2335 2361 2452 2415 alia:
2479 2360 2689 2424 fortius,
2717 2361 2835 2417 aliae
2857 2364 3074 2418 chorda:
3098 2363 3272 2419 lenius
3291 2363 3519 2419 tendun-

1933 2461 2021 2506 tur
2045 2469 2060 2518 ;
2097 2452 2189 2507 sed
2218 2460 2398 2506 tamen
2426 2451 2760 2507 dissimiliter
2790 2461 2972 2518 tensae,
2999 2469 3338 2524 nequaquam
3361 2454 3519 2510 dissi-

1933 2544 2060 2597 mile
2083 2543 2374 2614 .canticum
2414 2543 2662 2598 reddunt.
2710 2542 2801 2597 Sic
2834 2543 2914 2598 sic
2961 2545 3174 2601 diversa
3217 2545 3272 2599 in
3319 2543 3519 2602 Christi

1933 2652 2159 2706 corpore
2202 2636 2442 2690 membra
2491 2635 2768 2704 passiones
2815 2635 2931 2706 ejus
2983 2634 3086 2690 alia
3135 2636 3375 2706 plenius,
3414 2635 3522 2690 alia

1934 2726 2115 2780 minus
2140 2766 2155 2791 ,
2199 2725 2527 2790 imitantur;
2581 2726 2674 2781 sed
2713 2741 2876 2779 unam
2919 2726 3222 2782 concordia:
3267 2733 3525 2783 resonant

1935 2816 2168 2872 laudem.
2213 2817 2346 2871 Cum
2377 2817 2602 2872 citharis
2625 2831 2754 2889 ergo
2778 2817 3029 2872 animalia
3055 2827 3111 2872 et
3129 2819 3372 2874 seniores
3396 2827 3524 2874 ante

1935 2924 2132 2980 agnum
2185 2911 2426 2974 cadunt,
2469 2911 2592 2978 quia
2647 2925 2835 2965 omnes
2881 2911 3055 2966 sancti
3105 2911 3366 2982 quidquid
3421 2927 3524 2982 pro

1936 2997 2153 3053 Christo
2176 2999 2476 3068 patiuntur,
2508 2999 2742 3066 Christo,
2779 3016 2884 3054 non
2915 3001 3041 3063 sibi,
3086 3002 3381 3056 ascribunt.
3419 3001 3523 3057 Per

1936 3092 2146 3162 phialas
2179 3107 2370 3146 aureas
2393 3093 2632 3146 charitas
2657 3092 3010 3163 intelligitur;
3049 3109 3169 3163 qua:
3207 3109 3315 3149 non
3346 3093 3522 3148 solum

314 3183 486 3238 Vens.
517 3181 570 3236 6.
601 3213 672 3222 —
699 3180 767 3234 Et
793 3183 921 3246 vidi,
950 3192 996 3235 et
1026 3199 1140 3235 ecce
1160 3181 1215 3235 in
1235 3182 1403 3235 medio
1435 3183 1608 3235 throni
1627 3190 1674 3235 et
1704 3197 1834 3252 qua-
1861 3219 1907 3282 Ο
1935 3200 2033 3256 pro
2063 3186 2270 3250 amicis,
2305 3201 2488 3242 verum
2517 3186 2678 3240 etiam
2701 3202 2800 3256 pro
2829 3188 3062 3244 inimicis
3078 3188 3229 3244 novit
3252 3204 3518 3245 exorare:

239 3281 366 3328 tuor
395 3273 709 3327 animalium
733 3314 747 3337 ,
779 3286 826 3327 et
849 3274 902 3327 in
920 3273 1087 3327 medio
1109 3273 1371 3326 seniorum
1395 3289 1587 3343 agnum
1611 3281 1833 3326 stantem

238 3367 401 3436 quasi
437 3367 687 3429 occisum,
720 3366 991 3420 habentem
1044 3383 1241 3419 cornua
1292 3376 1507 3436 septem,
1551 3376 1599 3419 et
1657 3365 1833 3420 oculos

235 3465 466 3526 septem,
498 3455 585 3524 qui
616 3465 736 3509 sunt
763 3466 954 3525 septem
995 3455 1209 3524 spiritus
1249 3455 1348 3509 Dei
1376 3456 1522 3510 missi
1551 3457 1605 3510 in
1633 3473 1834 3510 omnem

237 3555 466 3601 terram.
517 3545 586 3601 Ut
608 3545 722 3614 jam
751 3546 953 3601 dictum
983 3556 1086 3612 est,
1117 3549 1365 3614 thronus,
1393 3557 1448 3602 et
1476 3549 1746 3613 animalia,
1782 3558 1837 3603 et

236 3639 497 3694 seniores
524 3638 820 3694 Ecclesiam
849 3639 1176 3710 signiﬁcant,
1209 3641 1262 3693 in
1294 3640 1448 3710 cujus
1470 3641 1646 3695 medio
1668 3656 1836 3710 agnus

237 3741 376 3797 stat,
415 3732 574 3802 juxta
615 3731 744 3785 illud
793 3745 808 3785 :
859 3729 1105 3784 Narrabo
1153 3749 1340 3786 nomen
1392 3742 1540 3786 tuum
1582 3732 1834 3803 fratribus

236 3822 400 3887 meis,
450 3821 505 3875 in
549 3821 718 3874 medio
747 3819 974 3875 ecclesiae
1018 3820 1246 3875 laudabo
1293 3831 1343 3875 te
1378 3820 1550 3893 (Psal.
1581 3839 1693 3887 nu,
1717 3823 1830 3892 εδ).

237 3914 362 3969 Νοιι
392 3921 578 3966 autem
608 3913 942 3966 contrarium
976 3922 1062 3966 est
1091 3913 1235 3980 quod
1265 3912 1392 3966 alibi
1419 3913 1648 3982 legimus
1675 3931 1687 3964 :
1721 3913 1834 3964 Do-

237 4009 422 4060 minus
450 4005 507 4058 in
539 4005 761 4057 circuitu
786 4004 964 4074 populi
991 4005 1072 4057 sui
1095 4003 1269 4074 (Psal.
1297 4021 1481 4069 cxxw,
1516 4006 1595 4076 2),
1628 4007 1752 4074 quia
1783 4015 1838 4061 et

238 4097 300 4151 in
339 4093 525 4149 medio
563 4093 860 4162 pmsidens
887 4094 1028 4164 regit
1063 4103 1117 4148 et
1147 4093 1386 4163 judicat,
1421 4105 1474 4149 ct
1513 4096 1568 4150 in
1611 4097 1836 4152 circuitu

238 4187 501 4244 ambiens
540 4185 774 4254 protegit
813 4193 866 4239 et
896 4184 1153 4240 defendit.
1191 4185 1297 4240 Sed
1332 4203 1497 4256 quare
1538 4188 1627 4243 hic
1671 4197 1834 4256 stare,

238 4279 504 4350 superius
520 4283 700 4330 autem
715 4275 902 4330 sedere
918 4275 1150 4345 legitur?
1171 4276 1274 4330 nisi
1295 4277 1419 4346 quia
1441 4277 1514 4332 ibi
1538 4293 1767 4332 examen
1786 4287 1841 4333 et

239 4385 502 4443 regnum,
537 4369 624 4424 hic
639 4377 820 4423 autem
839 4366 1097 4421 auxilium
1119 4367 1438 4422 ostenditur.
1468 4367 1668 4424 Sedere
1693 4369 1838 4423 enim

237 4464 532 4538 regnantis
573 4470 657 4518 est
685 4469 740 4517 et
779 4460 1109 4530 judicantis,
1163 4468 1308 4515 stare
1355 4475 1483 4516 vero
1511 4461 1835 4532 adjuvantis.

1937 3278 2078 3332 unde
2112 3279 2282 3347 plenze
2314 3278 2479 3332 fuisse
2505 3288 2897 3334 memorantur.
2927 3281 2991 3334 Et
3021 3283 3158 3337 bene
3185 3291 3309 3352 post
3342 3282 3522 3338 citha-

1938 3383 2027 3422 ras
2055 3368 2248 3438 phialze
2270 3377 2560 3438 ponuntur,
2603 3370 2729 3438 quia
2764 3370 2916 3438 prius
2938 3371 3195 3426 Dominus
3221 3371 3522 3443 patibulum

1937 3459 2116 3513 crucis
2142 3459 2328 3523 subiit,
2359 3468 2413 3514 et
2434 3459 2512 3514 sic
2537 3475 2635 3528 pro
2653 3460 3092 3529 persecutoribus
3114 3461 3522 3532 incomparabili

1935 3551 2194 3605 charitate
2231 3552 2406 3604 oravit
2442 3551 2625 3606 dicens
2658 3569 2670 3604 :
2717 3550 2900 3619 Pater,
2931 3552 3134 3608 dimitte
3163 3554 3292 3620 illis,
3323 3564 3378 3610 et
3402 3555 3525 3610 reli-

1934 3659 2059 3714 qua.
2091 3642 2282 3714 (Marc.
2313 3657 2466 3707 χχιιι,
2493 3642 2606 3713 54.)
2633 3643 2818 3713 (Vens.
2843 3643 2921 3714 9.)
2950 3641 3019 3698 Et
3041 3646 3321 3700 cantabant
3352 3647 3524 3701 canti-

1934 3756 2052 3794 cum
2075 3755 2260 3792 novum
2285 3739 2511 3792 dicentes
2539 3751 2557 3789 :
2585 3736 2788 3807 Dignus
2814 3755 2887 3803 es,
2916 3737 3134 3792 Domine
3156 3737 3297 3791 Deus
3317 3745 3523 3804 noster,

1935 3829 2165 3898 accipere
2186 3827 2396 3892 librum,
2411 3835 2464 3881 et
2485 3836 2698 3881 caetera.
2719 3827 2971 3881 Cantavit
2985 3827 3234 3881 Christus
3248 3827 3524 3881 canticum

1935 3930 2156 3978 novum,
2182 3915 2362 3967 verbis
2399 3913 2770 3982 pnedicando,
2797 3922 2854 3967 et
2875 3913 3032 3969 factis
3059 3914 3335 3968 imitando.
3378 3914 3521 3980 Quid

1939 4013 2023 4059 est
2056 4012 2234 4058 autem
2272 4004 2450 4059 dicere
2472 4045 2487 4068 ,
2530 4004 2730 4074 Dignus
2773 4022 2826 4059 es
2851 4045 2867 4070 ,
2897 4004 3118 4059 Domine
3144 4005 3284 4060 Deus
3315 4014 3521 4070 noster,

1939 4097 2170 4167 accipere
2212 4096 2424 4162 librant,
2463 4105 2511 4150 et
2554 4095 2756 4166 aperire
2789 4095 3064 4167 signacula
3099 4097 3232 4167 ejus,
3275 4097 3523 4168 quoniam

1940 4187 2140 4241 occisus
2186 4204 2262 4251 es,
2294 4195 2342 4239 et
2392 4186 2652 4240 redemisti
2694 4202 2787 4240 nos
2819 4185 2924 4239 Deo
2965 4186 3018 4240 in
3049 4186 3301 4256 sanguine
3341 4195 3429 4240 tuo
3459 4203 3526 4241 ea:

1939 4281 2079 4334 omni
2129 4279 2288 4344 tribu,
2329 4289 2376 4333 et
2416 4277 2628 4348 lingua,
2673 4287 2721 4333 et
2766 4278 2956 4349 populo
2983 4319 2998 4343 ,
3043 4287 3092 4332 et
3137 4280 3380 4342 natione,
3417 4280 3525 4335 nisi

1940 4372 2006 4425 ad
2053 4371 2509 4440 comparationem
2559 4379 2868 4425 nostrarum
2895 4371 3243 4425 victoriarum
3287 4381 3374 4426 tua
3409 4373 3522 4428 sola

1935 4462 2215 4533 iudicatur
2258 4464 2514 4529 victoria,
2546 4479 2652 4533 qua
2702 4477 2800 4517 nos
2839 4463 2906 4518 de
2950 4463 3141 4517 mortis
3189 4463 3432 4533 principe
3468 4472 3526 4519 et

238 4560 309 4615 Et
353 4565 490 4614 nota
533 4555 676 4626 quod
729 4569 837 4609 non
889 4553 1122 4618 occisus,
1171 4553 1266 4608 sed
1321 4562 1575 4623 tanquam
1627 4555 1840 4610 occisus
1869 4554 2231 4632 Dmaledicto
2277 4553 2411 4625 legis
2467 4568 2654 4608 sumus
2690 4551 2984 4623 redempti?
3024 4552 3080 4606 In
3111 4567 3176 4607 eo
3203 4568 3332 4608 vero
3379 4553 3526 4622 quod

237 4653 525 4715 cernitur;
583 4648 710 4718 quia
759 4647 860 4702 etsi
916 4645 1209 4700 crucifixus
1255 4653 1338 4699 est
1380 4660 1444 4699 ex
1489 4645 1832 4711 inﬁrmitate,

236 4748 378 4804 vivit
455 4751 634 4796 tamen
688 4754 755 4794 ex
810 4740 1006 4794 virtute
1067 4739 1181 4793 Dei.
1235 4737 1448 4804 Aliter,
1513 4739 1674 4794 toties
1731 4754 1838 4794 non

235 4835 542 4898 occiditur,
615 4830 708 4886 sed
775 4830 932 4901 quasi
981 4829 1243 4885 occiditur
1291 4827 1577 4893 Christus,
1629 4828 1839 4897 quoties

236 4929 502 4986 membra
530 4922 649 4992 ejus
693 4931 786 4976 aut
831 4937 889 4977 se
932 4931 1125 4993 sponte
1164 4921 1526 4986 mortiﬁcant,
1567 4927 1660 4972 aut
1710 4935 1836 4990 per-

237 5018 566 5080 secutiones
611 5013 876 5078 tolerant,
921 5022 980 5067 ut
1035 5015 1087 5068 in
1115 5029 1173 5069 se
1203 5014 1461 5083 impleant
1491 5027 1555 5068 ea
1585 5027 1704 5082 quae
1749 5013 1840 5067 de-

238 5119 376 5171 sunt
406 5106 725 5180 passionum
761 5102 980 5158 Christi.
1019 5104 1124 5158 Per
1149 5115 1353 5174 septem
1384 5121 1607 5171 cornua,
1640 5113 1700 5159 ut
1729 5105 1841 5176 ipse

239 5200 547 5276 exposuit,
593 5195 924 5268 septiformis
951 5196 1122 5250 sancti
1156 5195 1387 5264 Spiritus
1429 5197 1672 5266 operatio
1700 5197 1842 5251 desi-

239 5304 474 5372 gnatur,
506 5305 624 5359 quae
645 5305 750 5344 non
778 5288 950 5343 solum
970 5288 1026 5341 in
1052 5287 1227 5356 capite
1247 5286 1534 5356 quievisse,
1561 5286 1654 5340 sed
1676 5287 1841 5341 etiam

243 5400 430 5446 totum
463 5397 662 5453 corpus
704 5381 1002 5436 illustrasse
1042 5379 1303 5448 probatur
1351 5395 1364 5430 :
1412 5378 1553 5433 unde
1595 5377 1697 5433 hoc
1723 5378 1842 5434 loco

243 5488 466 5551 septem
498 5473 725 5545 spiritus
745 5471 841 5526 Dei
869 5470 924 5525 in
954 5483 1170 5524 omnem
1196 5477 1398 5522 terram
1429 5468 1579 5523 missi
1609 5484 1841 5523 narran-

244 5583 361 5630 tur.
418 5567 550 5623 Haec
589 5573 769 5621 autem
799 5561 1126 5633 septiformis
1153 5560 1428 5630 operatio,
1468 5575 1588 5629 quae
1624 5570 1846 5630 propter

244 5675 489 5735 regnum
524 5665 579 5711 et
605 5653 974 5710 fortitudinem
999 5651 1280 5722 ﬁguratur,
1311 5658 1456 5704 recte
1482 5658 1703 5720 propter
1728 5650 1846 5705 illu-

245 5752 614 5814 minationem
654 5745 908 5801 Ecclesiae
942 5743 1104 5798 etiam
1144 5758 1241 5813 per
1283 5740 1466 5796 oculos
1511 5740 1841 5812 designatur.

245 5851 450 5913 Aliter,
486 5849 716 5913 possunt
755 5855 852 5912 per
891 5853 1113 5908 cornua,
1153 5851 1274 5908 quae
1303 5849 1522 5893 carnem
1549 5835 1835 5906 excedunt,

1940 4654 2172 4716 quatuor
2205 4644 2452 4698 animalia
2478 4683 2492 4709 ,
2537 4651 2592 4697 et
2641 4641 2826 4711 viginti
2869 4649 3101 4709 quatuor
3139 4642 3412 4707 seniores,
3456 4657 3525 4696 ex

1939 4735 2087 4792 omni
2142 4735 2322 4800 tribu,
2379 4742 2432 4788 et
2488 4733 2706 4802 lingua,
2759 4741 2813 4787 et
2858 4732 3075 4788 natione
3121 4734 3426 4804 redemptos
3465 4749 3526 4789 se

1940 4827 2156 4890 dicunt,
2209 4833 2392 4894 aperte
2426 4824 2728 4880 ostenditur
2770 4838 2868 4893 per
2892 4839 2986 4879 eos
3031 4825 3387 4881 universalem
3424 4826 3526 4881 Ec-

1941 4918 2160 4974 clesiam
2205 4917 2494 4988 designari.
2544 4916 2730 4992 (Vens.
2783 4917 2894 4989 10.)
2961 4915 3026 4970 Et
3076 4917 3243 4986 fecisti
3285 4935 3378 4972 nos
3415 4917 3524 4974 Deo

1942 5020 2118 5066 nostro
2178 5026 2390 5080 regnum
2443 5020 2491 5062 et
2544 5008 2836 5066 sacerdotes
2891 5019 2940 5064 et
2995 5010 3321 5080 regnabimus
3369 5027 3527 5082 super

1942 5113 2156 5158 terram.
2202 5103 2378 5171 Reges
2427 5109 2553 5156 sunt
2590 5100 2789 5167 electi,
2843 5101 2968 5156 dum
3011 5115 3238 5169 corpora
3285 5116 3382 5157 sua
3417 5100 3526 5155 fre-

1943 5196 2119 5250 nando
2144 5235 2158 5259 ,
2205 5194 2356 5262 quasi
2403 5209 2564 5262 super
2591 5191 2884 5261 sulijectam
2925 5201 3123 5246 terram
3161 5192 3278 5263 lege
3306 5193 3524 5248 virtutis

1942 5294 2169 5358 regnant
2217 5304 2229 5339 :
2273 5288 2412 5342 unde
2446 5295 2499 5340 et
2547 5302 2707 5357 super
2745 5297 2942 5338 terram
2989 5299 3212 5355 regnum
3251 5287 3523 5355 accepisse

1943 5377 2284 5433 conﬁrmant.
2342 5376 2662 5432 Sacerdotes
2712 5383 2868 5438 sunt,
2899 5375 3023 5444 quia
3053 5376 3259 5446 seipsos
3286 5376 3524 5446 quotidie

1946 5466 2289 5536 castigando,
2331 5467 2440 5522 Deo
2465 5466 2724 5530 oll'erunt,
2766 5464 2920 5535 juxta
2955 5465 3083 5522 illud
3127 5485 3140 5522 :
3186 5467 3523 5538 Sacriﬁcium

1945 5557 2056 5614 Deo
2082 5559 2294 5629 spiritus
2318 5558 2692 5614 contribulatus
2717 5557 2889 5630 (Psal.
2916 5576 2968 5625 ι,
2996 5559 3106 5632 19).

2019 5653 2180 5708 Vens.
2222 5652 2306 5706 ll.
2357 5683 2426 5691 —
2466 5649 2535 5703 Et
2565 5650 2686 5714 vidi,
2733 5659 2779 5704 et
2809 5650 2984 5704 audivi
3009 5667 3180 5706 vocem
3218 5649 3524 5720 angelorum

1947 5741 2230 5796 multorum
2259 5742 2313 5795 in
2342 5741 2559 5794 circuitu
2589 5741 2797 5807 throni,
2826 5750 2876 5795 et
2905 5741 3215 5796 animalium
3233 5782 3249 5807 ,
3275 5750 3323 5796 et
3346 5751 3522 5798 senta-

1951 5853 2088 5895 rum.
2123 5832 2190 5904 In
2218 5850 2283 5891 eo
2308 5833 2451 5904 quod
2475 5847 2532 5888 se
2559 5849 2744 5890 vocem
2773 5835 2986 5890 audisse
3019 5835 3183 5904 dicit,
3211 5834 3385 5906 qualis
3409 5835 3526 5899 haec
