4090 6452
566 506 705 587 1123

1405 509 1466 587 Β.
1504 508 1567 585 F.
1608 506 1834 589 ALBINI
1871 522 2004 585 seu
2040 521 2315 590 ALCUtNt
2351 521 2635 589 manu!
2672 523 2851 589 rans
2884 506 2947 589 ti.

3690 521 3844 605 llis

560 632 701 691 visio
727 633 893 693 fuerit
922 636 1177 693 ostendit.
1209 637 1369 694 Visus
1399 640 1547 696 enim
1572 641 1664 697 ille
1693 644 1877 711 audit,
1905 652 1962 699 et
1985 642 2139 698 audi-
2166 643 2213 704 Α
2240 641 2294 696 in
2316 643 2502 696 throno
2532 652 2580 696 et
2610 640 2777 713 Agna,
2827 642 3133 709 benedictio,
3165 652 3217 700 et
3258 646 3447 715 honor,
3475 644 3524 703 et
3558 649 3754 721 gloria,
3783 663 3843 709 es

532 763 545 771 -
564 735 653 782 tus
681 727 843 782 videt.
870 726 976 784 Sed
998 728 1042 784 si
1066 729 1120 783 in
1147 729 1374 785 circuitu
1400 732 1560 798 sedis,
1590 742 1650 788 ut
1669 732 1783 803 jam
1809 735 2012 791 dictum
2032 744 2137 801 est,

567 819 820 875 animalia
845 829 970 876 sunt
1010 829 1064 877 et
1085 822 1344 890 seniores,
1374 825 1642 895 quomodo
1668 825 1725 881 in
1744 827 1972 882 circuitu
1996 825 2142 895 ejus-

563 910 688 967 dem
718 912 939 980 angelus
960 953 973 977 ,
1007 914 1110 968 nisi
1146 915 1272 984 quia
1300 916 1489 972 eadem
1517 918 1773 974 animalia
1813 927 1870 975 et
1902 918 2143 975 seniores

563 1001 737 1072 angeli
769 1003 931 1058 sunt?
977 1004 1053 1057 De
1079 1005 1274 1075 quibus
1302 1007 1541 1063 dicitur:
1573 1008 1757 1080 Angeli
1785 1011 1931 1083 pacis
1960 1024 2142 1065 amare

560 1089 758 1160 ﬂebunt
787 1090 922 1162 (Isa.
948 1109 1144 1161 xxxnt,
1174 1095 1249 1167 7).
1296 1096 1445 1153 Licet
1464 1098 1698 1155 cmlestis
1718 1116 1934 1171 quoque
1951 1099 2142 1156 militia

560 1182 870 1252 angelorum
894 1187 1108 1241 nomine
1129 1189 1298 1257 possit
1317 1189 1571 1261 intelligi;
1597 1193 1711 1247 sive
1737 1201 1915 1248 tamen
1939 1192 2007 1248 de
2032 1193 2140 1259 his,

561 1266 676 1329 sive
701 1271 769 1327 de
792 1274 901 1337 illis
926 1274 1337 1335 innumerabilis
1366 1281 1671 1338 ostenditur
1703 1284 1991 1340 multitudo
2018 1301 2141 1340 eum

559 1360 809 1418 subditur
850 1381 864 1419 :
908 1364 978 1420 Et
1016 1377 1129 1422 erat
1175 1386 1421 1427 immersis
1467 1390 1647 1428 eorum
1683 1374 1849 1429 millia
1894 1374 2140 1443 millium,

560 1448 747 1522 (Vens.
779 1452 866 1524 i2)
900 1455 1183 1512 dicentium
1212 1477 1333 1514 voce
1360 1479 1551 1532 magna
1583 1480 1601 1518 :
1629 1464 1832 1536 Dignus
1866 1474 1942 1520 est
1962 1466 2141 1536 Agnus

557 1539 647 1611 qui
677 1542 877 1612 occisus
903 1555 977 1605 est
1001 1549 1232 1619 accipere
1257 1551 1518 1619 virtutem,
1544 1561 1592 1609 et
1616 1553 1958 1622 divinitatem,
1988 1564 2038 1610 et
2057 1572 2143 1611 sa-

556 1631 824 1705 pientiam,
839 1645 887 1703 et
913 1636 1299 1707 fortitudinem,
1319 1650 1367 1703 et
1385 1642 1654 1711 honorem,
1668 1654 1717 1701 et
1734 1644 1980 1718 gloriam,
1993 1655 2043 1703 et
2062 1646 2146 1703 bc-

557 1722 922 1793 uedictioncm,
949 1728 1134 1798 (Vens.
1167 1730 1255 1801 l5)
1283 1740 1331 1795 et
1357 1749 1562 1793 omnem
1584 1730 1906 1802 creaturam,
1931 1753 2049 1808 ques
2086 1739 2145 1795 in

557 1814 685 1886 ccelq
728 1826 827 1885 est,
858 1828 905 1875 et
948 1837 1105 1892 super
1132 1830 1348 1891 terram,
1382 1833 1432 1883 et
1477 1826 1571 1889 sub
1602 1835 1765 1895 terra,
1812 1837 1863 1885 et
1898 1829 2056 1895 mari,
2094 1838 2144 1885 et

553 1919 673 1977 qua:
715 1906 771 1963 iu
800 1924 864 1973 eo
894 1919 1038 1979 sunt.
1078 1911 1244 1980 Mare,
1291 1922 1346 1973 et
1384 1931 1505 1985 qum
1538 1917 1593 1975 in
1627 1933 1692 1973 eo
1724 1926 1873 1985 sunt,
1901 1936 2143 1992 praesens

2240 741 2467 802 potestas
2499 731 2554 786 in
2583 726 2779 788 sa’cula
2824 733 3161 789 sccculorum.
3199 735 3439 793 Dicenda
3466 755 3675 807 omnes,
3710 742 3843 800 illos

2240 824 2439 895 repetit
2457 838 2523 879 ex
2548 826 2744 894 quibus
2770 825 3017 897 superius
3042 835 3213 882 totam
3251 829 3551 887 Ecclesiam
3576 843 3844 892 onustam

2240 915 2406 981 dixit;
2439 916 2493 971 id
2520 924 2605 970 est
2625 917 2899 980 animalia,
2925 926 2980 972 et
3011 918 3276 986 seniores,
3304 930 3361 976 et
3384 923 3628 993 angelos.
3655 925 3715 980 ln
3744 941 3841 981 se-

2240 1004 2401 1060 dente
2427 1020 2557 1060 vero
2587 1013 2641 1059 et
2660 1003 2837 1077 Agno,
2866 1006 2923 1061 id
2947 1015 3034 1062 est
3071 1008 3128 1062 in
3158 1007 3320 1065 Patre
3358 1024 3414 1065 et
3440 1011 3597 1077 Filio,
3641 1028 3845 1071 secun-

2241 1094 2365 1149 dum
2389 1093 2502 1164 jam
2525 1096 2721 1153 dictam
2748 1095 2989 1168 regulam
3006 1136 3022 1165 ,
3049 1099 3214 1157 etiam
3241 1099 3479 1172 Spiritus
3507 1114 3735 1162 sanetum
3754 1109 3840 1163 in-

2240 1186 2516 1258 telligitur.
2544 1186 2614 1242 Et
2639 1198 2867 1260 quatuor
2887 1188 3144 1245 animalia
3171 1192 3360 1249 dicunt
3384 1210 3397 1246 :
3428 1193 3618 1251 Amen.
3645 1195 3718 1252 Et
3754 1200 3838 1254 ui-

2239 1275 2370 1348 ginti
2419 1287 2646 1351 quatuor
2702 1280 2933 1336 seniores
2981 1283 3276 1339 ceciderunt
3303 1326 3319 1352 ,
3373 1295 3424 1341 et
3477 1289 3839 1348 adoravmn!

2241 1368 2486 1424 viventem
2514 1371 2568 1425 in
2596 1371 2790 1426 saecula
2819 1371 3153 1429 saeculorum.
3184 1375 3321 1443 Quia
3359 1379 3617 1435 animalia
3656 1389 3713 1437 et
3747 1397 3837 1438 se-

2241 1461 2422 1516 niores
2457 1477 2623 1517 unum
2647 1472 2810 1530 sunt,
2840 1465 2894 1520 id
2918 1475 3004 1522 est
3040 1482 3145 1523 una
3173 1468 3414 1526 Ecclesia
3433 1513 3447 1534 ,
3483 1488 3609 1528 cum
3650 1474 3837 1532 senio-

2241 1554 2392 1609 ribus
2438 1554 2688 1610 animalia
2718 1557 2919 1612 cadunt
2949 1565 3007 1613 et
3052 1559 3318 1627 adorant,
3354 1570 3410 1618 et
3446 1563 3595 1634 ipsas
3644 1564 3835 1622 laudes

2241 1647 2482 1704 seniores
2523 1664 2645 1703 cum
2677 1650 2999 1708 animalibus
3030 1669 3187 1710 veras
3213 1670 3334 1712 esse
3375 1667 3668 1726 asserunt,
3714 1676 3834 1716 ser-

2242 1755 2401 1795 mone
2464 1740 2891 1799 conlirmationis
2942 1746 3326 1815 respondentes
3347 1789 3363 1815 ,
3411 1765 3595 1806 amen.
3657 1751 3833 1833 Casus

2241 1839 2423 1887 autem
2451 1839 2507 1887 et
2542 1833 2803 1899 adoratio,
2849 1842 2911 1890 ut
2929 1834 3039 1904 jam
3066 1836 3270 1893 dictum
3296 1848 3399 1906 est,
3444 1842 3715 1913 spiritalis
3745 1859 3835 1901 ac-
3895 1848 3915 1863 ’“

2212 1923 2349 1999 ‘cipi
2388 1924 2565 1980 debet.
2607 1925 2686 1982 Ne
2711 1927 2895 1997 itaque
2930 1924 3090 2001 longo
3117 1945 3408 2003 progressu
3439 1932 3579 1991 ultra
3607 1937 3831 1994 modum

557 1996 816 2069 Βιεειιιυιι)
846 2000 1110 2073 designat.
1160 2003 1355 2069 Qmues
1383 2007 1563 2069 audiui
1606 2009 1834 2068 dicentes
1864 2026 1883 2065 :
1927 2012 2147 2071 Sedenti
2172 2007 2219 2070 Β
2246 1996 2528 2084 lassemur,
2552 2018 2698 2075 hunc
2725 1996 2924 2075 librum
2945 1996 3052 2076 isto
3079 1996 3187 2079 ﬁne
3208 1996 3541 2083 claudamus.

1744 2224 2045 2321 LIBER
2119 2229 2599 2337 QUARTUS

1177 2436 1407 2509 CAPUT
1445 2437 1534 2503 Vl.

625 2565 789 2627 Vens.
819 2565 872 2626 ι.
918 2599 989 2614 --
1031 2563 1104 2627 Et
1150 2587 1276 2631 cum
1328 2579 1616 2650 aperuisset
1658 2581 1839 2655 Agnus
1874 2600 2035 2643 unum
2077 2605 2141 2645 ex

552 2670 748 2733 septem
789 2661 1009 2735 sigillis,
1052 2665 1235 2722 audivi
1272 2685 1434 2724 unum
1472 2686 1539 2727 ex
1577 2684 1802 2744 quatuor
1826 2678 2141 2736 animalibus

556 2750 733 2807 dicens
758 2761 1008 2825 tanquam
1038 2771 1209 2811 vocem
1233 2758 1453 2815 tonitrui
1481 2765 1661 2835 magni
1694 2783 1707 2819 :
1747 2765 1896 2835 Veni,
1924 2779 1971 2823 et
2002 2770 2134 2826 vide.

554 2837 778 2911 Aponio
832 2842 994 2914 sigilli
1022 2884 1037 2911 ,
1105 2847 1362 2905 revelatio
1408 2861 1491 2908 est
1545 2859 1891 2913 sacramenti.
1939 2860 2139 2918 Verum

555 2934 684 3003 quia
714 2946 824 2997 non
854 2951 1043 3004 unum,
1090 2941 1185 2996 sed
1232 2944 1400 2999 multa
1432 2956 1557 3023 sunt
1591 2960 1950 3023 sacramenta,
1988 2962 2042 3023 et
2073 2956 2139 3023 de

557 3020 784 3096 singulis
812 3022 1031 3099 longum
1053 3037 1137 3087 est
1158 3039 1412 3103 tractare,
1449 3020 1673 3107 possunt
1699 3020 1948 3099 universa
1973 3020 2029 3099 in
2054 3020 2138 3117 his

552 3112 730 3173 tribus
754 3118 931 3176 modis
953 3124 1339 3193 comprehendi
1366 3168 1381 3194 ,
1418 3128 1474 3183 id
1497 3139 1579 3209 est
1606 3131 1928 3203 locutionis,
1957 3112 2141 3209 cogni-

551 3207 748 3277 tionis,
784 3219 841 3267 et
886 3213 1137 3271 actionis.
1174 3215 1401 3276 Locutio
1440 3206 1621 3280 omnia
1666 3237 1933 3297 praecepta
1983 3206 2047 3284 in
2081 3244 2140 3285 se

554 3300 845 3359 concludit.
884 3304 1132 3377 Cognitio
1183 3312 1503 3383 regulariter
1551 3314 1789 3375 adhibita
1835 3321 2140 3395 intelligen-

554 3389 645 3447 tia)
670 3388 871 3453 formas
899 3394 1158 3453 insinuat.
1201 3400 1360 3458 Actio
1385 3420 1513 3461 vero
1536 3408 1782 3480 utrisque
1820 3388 2131 3470 concordat.

551 3484 758 3559 Aperte
796 3506 927 3548 vero
961 3508 1073 3579 uno
1109 3512 1174 3552 ex
1204 3508 1410 3571 septem
1456 3505 1667 3575 sigillis,
1706 3523 1870 3563 unum
1909 3526 1975 3566 ex
2004 3526 2136 3580 qua-

550 3586 676 3635 tuor
715 3576 1038 3644 animalibus
1064 3589 1118 3667 in
1144 3592 1362 3667 modum
1387 3595 1606 3651 tonitrui
1648 3600 1828 3670 magni
1873 3599 2136 3659 Joannem

551 3671 765 3741 invitat,
814 3683 873 3729 ut
896 3679 1101 3746 veniat,
1131 3691 1186 3737 et
1209 3683 1418 3752 videat;
1458 3688 1585 3763 quia
1625 3691 1969 3748 manifestata
1995 3694 2136 3751 veri-

2244 2422 2402 2481 terra.
2433 2414 2616 2499 Equus
2640 2412 2792 2481 rui'us
2819 2416 3024 2493 antiqui
3051 2418 3225 2491 hostis
3250 2430 3333 2487 est
3361 2439 3595 2498 corpus;
3636 2442 3831 2489 omnes

2240 2504 2447 2563 scilicet
2488 2506 2703 2577 reprobi
2742 2509 3045 2577 animarum
3094 2511 3472 2581 interiectione
3520 2522 3829 2593 sanguinei.

2240 2592 2308 2649 Et
2338 2596 2554 2665 quidem
2593 2612 2770 2654 sessor
2795 2599 3092 2671 electorum
3126 2604 3293 2665 dicit:
3326 2603 3522 2671 Pacem
3554 2592 3727 2685 meam
3760 2615 3829 2671 do

2240 2687 2378 2744 vobis
2410 2688 2594 2762 (Joan.
2624 2708 2747 2761 xiv,
2776 2692 2868 2767 27)
2894 2711 2907 2762 ;
2951 2711 3129 2757 sessor
3155 2715 3283 2763 vero
3327 2706 3693 2783 reprobat-um
3735 2725 3831 2782 pa-

2241 2795 2357 2849 cem
2387 2783 2550 2840 sumit
2579 2785 2643 2842 de
2678 2793 2852 2856 terra,
2893 2790 3021 2860 quia
3049 2786 3139 2847 ille
3167 2798 3466 2865 concordia:
3498 2810 3695 2859 auctor
3724 2813 3830 2873 at.

2240 2884 2343 2943 iste
2371 2890 2503 2943 vero
2544 2877 2847 2937 discordiae.
2880 2882 2947 2937 Et
2976 2892 3100 2940 nota
3140 2887 3280 2971 gnod
3309 2904 3417 2967 οφ)
3446 2894 3513 2969 de
3534 2895 3703 2973 emitr,
3731 2897 3832 2961 sed

2240 2964 2305 3020 de
2337 2974 2499 3033 terra,
2533 2968 2586 3023 id
2627 2980 2710 3025 est
2741 2980 2951 3049 terrena
2976 2964 3381 3049 qurerentibus,‘
3403 2964 3827 3059 uilem.

2239 3054 2310 3116 Et
2347 3068 2401 3113 ut
2439 3058 2654 3115 invicem
2689 3079 2745 3117 se
2785 3064 3120 3136 interﬁciant.
3170 3069 3228 3145 In
3268 3074 3368 3143 hac
3715 3054 3828 3147 non

2239 3148 2471 3223 carnalis
2500 3151 2591 3205 sed
2618 3150 2874 3227 spiritalis
2900 3156 3203 3229 interfectio
3220 3161 3375 3223 debet
3394 3148 3642 3241 manu}.
3675 3168 3830 3227 Unde

2239 3218 2418 3317 autem
2462 3256 2520 3297 se
2569 3218 2783 3319 reprobi
2813 3221 3175 3318 interﬁciant,
3219 3232 3460 3343 aperitur
3491 3218 3619 3325 cdt-ii
3649 3259 3831 3319 deire-

2238 3331 2473 3387 dtnorum
2516 3336 2757 3421 principe
2788 3341 3038 3423 subditur
3070 3363 3082 3397 :
3115 3355 3165 3399 et
3194 3331 3351 3415 datus
3376 3360 3452 3419 est
3488 3352 3573 3409 illi
3611 3354 3829 3429 gladius

2236 3438 2457 3501 magnus
2476 3467 2490 3489 ,
2522 3410 2576 3483 id
2602 3436 2684 3499 est
2713 3414 3000 3515 spiritalis,
3031 3443 3084 3511 et
3109 3410 3370 3510 malignus
3391 3410 3540 3529 ,quo
3569 3410 3684 3503 nt'm
3704 3424 3831 3509 eor-

2234 3527 2384 3582 pora,
2416 3515 2509 3570 sed
2539 3519 2733 3574 animo:
2760 3523 3112 3605 reproborum
3138 3515 3474 3613 iugulantur:
3522 3534 3680 3613 Hune
3712 3537 3832 3613 gla-

2236 3604 2383 3681 dium
2430 3609 2672 3681 diabolus
2700 3613 2907 3672 duobus
2946 3602 3119 3691 modis
3147 3602 3398 3709 exercet;
3428 3640 3554 3709 cum
3592 3602 3688 3691 atii

2161 3706 2207 3770 ο
2240 3710 2297 3751 se
2326 3698 2553 3768 spiritali
2584 3700 2853 3779 locutione
2881 3706 3109 3767 interius
3133 3711 3348 3784 decipit,
3375 3694 3469 3785 {aut
3617 3694 3827 3778 carina:

549 3769 663 3819 tate
690 3766 1000 3836 prmcedens
1040 3770 1097 3825 in
1142 3773 1399 3851 apostolis
1432 3776 1672 3834 Ecclesia
1717 3782 2133 3853 subsequentem
2173 3766 2207 3770 Ὗ-
2237 3766 2370 3853 lium
2400 3802 2616 3847 suorum
2661 3772 2901 3885 linguam
2929 3778 3172 3868 exterius
3591 3812 3831 3877 occisia.

550 3853 616 3885 ,Α
642 3855 799 3885 (hin...
826 3870 1081 3885 ..-ιηηιλρι
1134 3862 1298 3885 In---
1343 3866 1377 3885 ο
1406 3866 1421 3885 ι
1464 3867 1521 3885 η.
1928 3874 1960 3885 ..
2478 3881 2489 3885 -

550 3853 619 3939 ad
641 3855 800 3912 ﬁdem
826 3870 1101 3928 provocat.
1132 3862 1318 3936 (Vens.
1343 3866 1423 3939 2.)
1454 3867 1523 3923 Et
1555 3887 1671 3925 ecce
1695 3888 1857 3943 equus
1884 3874 2054 3943 albus,
2087 3887 2136 3932 et

548 3936 639 4019 qui
682 3948 893 4004 sedebat
942 3968 1101 4024 super
1138 3952 1264 4033 eum
1298 3936 1519 4033 habebat
1564 3936 1767 4018 arcum.
1805 3963 1911 4021 Per
1938 3936 2133 4043 equum

551 4040 733 4096 album
760 4041 958 4099 Christi
1002 4042 1312 4106 humanitas
1338 4052 1651 4123 designatur
1673 4057 1787 4111 sine
1822 4062 2026 4127 peccati
2055 4040 2136 4118 of-

554 4126 889 4199 fuscatione,
921 4150 1084 4205 quam
1111 4137 1349 4195 Verbum
1390 4138 1569 4199 Patris
1604 4126 1947 4218 singulariter
1968 4140 2136 4207 valuit

555 4221 877 4290 praesidere;
913 4225 1029 4281 sive
1056 4241 1247 4284 omnes
1271 4228 1447 4285 electi.
1476 4231 1583 4287 Per
1603 4250 1788 4291 arcum
1815 4253 1946 4315 vero
1969 4240 2136 4298 Vetus

549 4300 607 4366 et
634 4310 837 4369 Novum
871 4315 1275 4375 Testamentum
1300 4323 1641 4394 exprimitur,
1665 4344 1730 4383 ex
1763 4346 1871 4401 quo
1906 4314 1984 4387 tet
2005 4349 2134 4405 pro—

553 4399 719 4457 deunt
737 4401 917 4474 jacula
942 4445 957 4471 ,
986 4415 1117 4476 quot
1144 4418 1270 4465 sunt
1299 4399 2026 4493 Testamentorumieloquia:
2058 4425 2135 4482 De

551 4492 657 4549 hoc
687 4510 820 4550 arcu
855 4496 1029 4551 eidem
1075 4503 1273 4557 sessori
1303 4503 1505 4560 dicitur
1534 4526 1547 4561 :
1595 4512 1821 4567 tendens
1867 4504 1921 4570 et
1949 4525 2136 4572 exten-

551 4582 686 4639 dens
730 4599 919 4640 arcum
952 4594 1104 4642 tuum
1130 4605 1292 4661 super
1326 4601 1558 4667 sceptra.
1606 4593 1757 4669 Quod
1785 4618 1915 4658 vero
1957 4608 2134 4677 sequi-

552 4676 639 4726 tur
665 4690 679 4725 :
707 4681 757 4727 et
796 4674 923 4729 data
945 4684 1021 4730 est
1040 4676 1121 4733 illi
1148 4696 1359 4748 corona,
1390 4680 1497 4739 non
1526 4687 1697 4743 solum
1732 4691 1801 4747 ad
1829 4704 2006 4765 caput,
2032 4674 2133 4755 sed

549 4761 715 4818 etiam
738 4763 806 4820 ad
830 4780 1028 4837 corpus
1057 4769 1309 4826 refertur.
1342 4772 1411 4829 Et
1432 4778 1559 4833 exiit
1578 4780 1784 4839 vincens
1805 4794 1861 4839 ut
1889 4761 2129 4848 vinceret.

554 4854 705 4913 [inde
734 4857 865 4914 exiit
894 4860 999 4916 nisi
1035 4876 1102 4918 ex
1128 4875 1319 4936 aperto
1358 4868 1579 4947 sigillo?
1620 4874 1756 4931 Nam
1786 4894 1854 4934 ex
1891 4883 2132 4949 revelato

550 4943 960 5019 Scripturarum
1008 4968 1367 5029 sacramento,
1398 4943 1515 5033 ipsa
1557 4972 1880 5028 sacramenti
1928 4977 2130 5033 veritas

551 5040 841 5100 manifeste
890 5047 1156 5116 apparuit.
1200 5049 1347 5106 Exiit
1398 5063 1577 5112 autem
1619 5061 1847 5139 vincens,
1894 5054 2130 5137 primum
2158 5060 2210 5124 Ι)

546 5139 729 5201 caput,
768 5143 829 5189 ut
871 5144 992 5205 post
1018 5138 1073 5194 in
1110 5154 1335 5227 corpore
1365 5145 1607 5205 vinceret
1643 5155 1880 5223 quotidie
1931 5158 2129 5245 diaboli

548 5228 899 5292 tentamenta,
923 5235 978 5283 et
997 5230 1261 5287 malorum
1289 5235 1566 5295 hominum
1594 5247 2017 5325 persecutiones.

623 5313 785 5371 Vsus.
811 5318 865 5372 ὅ.
922 5349 981 5361 -
1014 5320 1085 5376 Et
1109 5339 1226 5378 cum
1254 5330 1541 5399 aperuisset
1562 5333 1791 5409 sigillum
1819 5320 2124 5411 secundum,

552 5405 731 5461 audivi
757 5409 1043 5467 secundum
1076 5416 1276 5471 animal
1302 5420 1478 5477 dicens
1504 5435 1525 5474 :
1559 5405 1788 5493 Veni,'et
1818 5430 1953 5486 vide.
1986 5405 2126 5502 Quid

549 5506 633 5553 est
674 5501 817 5570 quod
869 5502 925 5559 in
974 5521 1135 5563 causa
1178 5511 1424 5587 dissimili
1461 5515 1651 5590 similis
1697 5518 1756 5573 ﬁt
1798 5509 2127 5597 admonitio?

550 5591 654 5647 nisi
703 5596 827 5665 quia
875 5598 1015 5655 sicut
1041 5601 1115 5657 ibi
1162 5603 1346 5661 laetitia
1388 5606 1455 5663 de
1498 5619 1717 5679 peracta
1760 5593 2010 5685 victoria,
2051 5621 2129 5677 sic

549 5682 714 5737 etiam
757 5686 846 5741 hic
890 5689 1195 5749 sollicitudo
1221 5695 1286 5750 de
1323 5696 1505 5755 futuro
1531 5703 1828 5759 certamine
1855 5682 2127 5767 ministra-

550 5777 658 5871 tur.
685 5772 870 5844 (Vens.
902 5781 983 5854 4.)
1010 5779 1082 5865 Et
1120 5785 1277 5841 exivit
1299 5786 1438 5845 alius
1470 5809 1635 5865 equus
1660 5796 1833 5867 rufus,
1861 5808 1909 5853 et
1931 5803 2022 5871 qui
2048 5820 2126 5857 se-

544 5859 701 5927 debat
744 5880 901 5939 super
924 5860 1066 5941 eum,
1108 5875 1292 5939 damni
1321 5889 1399 5935 est
1431 5883 1481 5938 ei
1509 5859 1572 5940 ut
1596 5859 1829 5946 sumeret
1850 5859 2031 5966 pacem
2061 5878 2127 5954 de

2234 3894 2358 3934 nem
2404 3881 2597 3959 anima:
2650 3881 2925 3960 pertingit.
2970 3890 3095 3965 licet;
3142 3904 3323 3961 autem
3368 3901 3548 3975 omnia
3576 3903 3655 3960 illi
3700 3907 3831 3969 data

2235 3966 2506 4039 dicuntur,
2522 3975 2573 4032 id
2593 3987 2675 4053 est
2692 3978 2802 4036 Deo
2814 3981 2962 4055 justo
2982 3994 3172 4055 cuncta
3195 3966 3510 4061 disponente

2311 4067 2467 4121 Vens.
2508 4064 2560 4120 5.
2599 4097 2669 4108 --
2719 4069 2788 4145 Et
2835 4090 2954 4128 cum
2994 4078 3277 4147 aperuisset
3311 4064 3547 4163 sigillati;
3585 4064 3829 4173 tertium;

2234 4155 2412 4211 audiri
2439 4159 2647 4213 tertium
2670 4161 2868 4218 animal
2901 4165 3075 4223 dicens
3104 4183 3125 4222 .'
3177 4169 3325 4249 Veni,
3355 4155 3403 4230 et
3430 4175 3565 4249 vide.
3603 4176 3675 4249 Et
3707 4155 3831 4241 ccc;

2233 4260 2392 4316 equus
2419 4248 2580 4327 niger,
2608 4260 2657 4304 et
2691 4254 2780 4325 qui
2808 4255 3017 4337 sedebat
3059 4277 3215 4334 super
3256 4248 3376 4338 eum
3400 4266 3626 4347 habebat
3663 4281 3831 4345 state:

2234 4353 2347 4413 ram
2389 4339 2442 4392 in
2472 4357 2631 4407 manu
2660 4360 2777 4399 sua.
2823 4344 2881 4401 In
2911 4348 3071 4433 hujus
3104 4353 3229 4424 equi
3259 4344 3555 4429 nigredine
3584 4359 3677 4435 illa
3710 4340 3830 4431 ηιξ.

2233 4425 2406 4483 lorum
2429 4432 2634 4488 esuries
2661 4426 2993 4511 designatur,
3015 4458 3122 4513 qua
3152 4425 3354 4507 Christi
3379 4463 3577 4525 corpus
3604 4425 3830 4511 inhian-

2234 4526 2318 4572 ter
2343 4518 2623 4590 devorare,
2675 4535 2730 4613 et
2778 4529 2832 4584 in
2877 4531 3095 4589 malitiae
3138 4550 3249 4592 suze
3286 4518 3528 4605 ventrem
3566 4545 3834 4631 trajicere

2233 4614 2617 4685 concupiscunt
2658 4636 2671 4672 :
2721 4606 2952 4693 quorum
3002 4639 3180 4695 sessor
3236 4630 3399 4688 habet
3452 4606 3718 4711 statera}:
3768 4606 3831 4713 in

2233 4718 2394 4761 manu
2447 4724 2543 4763 sua
2570 4750 2584 4776 ,
2635 4712 2761 4787 quia
2812 4717 3195 4791 temporalibus
3233 4721 3515 4799 stipendiis
3549 4712 3832 4799 bonorum

2232 4798 2398 4877 vitam
2428 4803 2661 4879 mercari
2698 4806 2914 4876 quaerit,
2945 4819 3000 4865 ut
3030 4825 3181 4879 suam
3215 4798 3545 4893 suomque

2233 4889 2430 4967 satiare
2452 4893 2640 4966 possit.
2665 4894 2814 4971 lianc
2840 4905 3103 4975 stateram
3126 4904 3179 4958 in
3206 4919 3370 4979 manu
3396 4889 3573 4987 tenuit
3594 4889 3829 4999 quando

2232 4996 2399 5059 unum
2429 4984 2496 5059 ad
2522 4988 2953 5067 manducandum
2976 4995 3171 5065 obtulit
3194 4984 3449 5077 pomum,
3466 5012 3523 5060 et
3546 4984 3726 5071 totum
3755 5006 3827 5065 ad

2232 5072 2561 5159 perdendum
2613 5090 2885 5155 mercatus
2921 5094 3006 5143 est
3039 5072 3322 5159 mundum.
3359 5092 3499 5173 Nam
3530 5096 3826 5173 sciendum

2233 5165 2361 5236 quia
2412 5167 2657 5228 diabolus
2701 5175 2852 5247 prius
2899 5181 3150 5257 audiendi
3187 5186 3415 5261 remum
3456 5165 3552 5267 {lci
3581 5165 3823 5263 abutens

2233 5269 2346 5335 tum
2381 5263 2683 5335 subtrahit,
2722 5278 2782 5325 ut
2824 5273 3081 5344 spiritalis
3116 5279 3227 5345 cibi.
3257 5280 3434 5353 inedia
3466 5263 3714 5363 enectos
3764 5289 3823 5353 in

2231 5364 2579 5427 augmentum
2622 5360 2702 5429 sui
2751 5366 2996 5436 corporis
3033 5366 3247 5441 facilius
3281 5384 3477 5435 sumat.
3515 5360 3668 5445 Uade
3716 5394 3826 5453 per

2230 5446 2546 5533 prophetam
2592 5449 2849 5535 pommus
2902 5456 3031 5534 dicit
3084 5474 3098 5515 :
3149 5460 3283 5525 Ecce
3318 5480 3418 5543 ego
3469 5470 3676 5531 mittant
3716 5446 3823 5543 ‘la-

2230 5550 2363 5589 mem
2391 5538 2447 5592 in
2474 5547 2667 5613 terram
2689 5563 2708 5615 ,j
2732 5561 2834 5613 non
2857 5547 3049 5617 famem
3075 5553 3248 5625 panis,
3280 5538 3440 5631 neque
3466 5560 3608 5631 sitiat
3631 5578 3819 5639 aqua,

2227 5626 2318 5725 sed
2343 5628 2593 5700 audiendi
2616 5635 2822 5701 verbum
2851 5636 2950 5701 Dei
2979 5640 3182 5716 (4,1105.
3217 5626 3476 5724 V114,“).

2228 5710 2484 5813 Dominus
2530 5723 2642 5793 agit
2683 5710 3007 5797 deserendo,
3056 5710 3817 5813 diabolusuipvadendgfg

2224 5811 2491 5886 quomodo
2514 5827 2739 5885 possunt
2759 5821 2870 5889 pati
2900 5821 3039 5889 hanc
3063 5824 3264 5905 famem
3292 5811 3385 5904 qui
3410 5844 3535 5889 sunt
3562 5832 3815 5894 frumen-

2225 5908 2341 5958 tum
2378 5904 2495 5973 Dei,
2523 5907 2709 5965 vinum
2749 5919 2807 5968 et
2830 5912 3050 5974 oleum?
3093 5918 3208 5979 lmo
3236 5904 3520 5998 patiantur
3543 5926 3687 5985 hanc
3710 5943 3815 6000 pa-
