4088 6330
198 399 336 470 1125

947 376 1354 466 ΕΧΕΟΕᾘΟᾼ.
1390 413 1463 426 -
1493 371 1848 460 COMMENT.
1888 377 1960 456 IN
1991 379 2282 466 APQCAL.
2319 411 2392 448 έ-
2427 377 2557 452 LIB.
2595 377 2683 440 1V.

3325 381 3462 472 nec

197 517 313 580 lete,
349 503 555 590 vinacia
581 545 597 573 ,
627 507 682 560 et
711 511 960 576 amurca;
990 509 1046 555 et
1072 499 1172 570 ipsi
1201 505 1492 578 occurrant
1519 497 1586 552 ad
1613 504 1778 551 state-
1880 503 2269 576 prmceptorum
2301 495 2482 552 caveis
2519 495 2766 551 carnales
2795 495 2956 552 animi
2986 503 3164 564 motus
3193 515 3301 574 non
3331 503 3463 576 reti-

199 621 313 662 ram
364 585 730 670 nullo‘pretio
774 593 942 662 digni,
995 607 1102 648 non
1153 591 1231 660 illi
1275 593 1365 661 qui
1402 589 1602 646 Christi
1652 599 1776 666 sunt

200 683 464 765 sanguine
488 688 771 759 redempti.
809 683 964 742 Unde
995 699 1120 739 mox
1152 683 1402 754 subditur
1433 701 1446 737 :
1755 673 1758 676 ’

268 783 430 843 Vnus.
464 783 518 838 6.
545 813 620 825 —
649 781 720 834 Et
767 779 946 834 audivi
981 786 1232 849 tanquam
1283 793 1452 833 vocem
1505 775 1560 830 in
1609 775 1776 830 medio

193 887 422 954 quatuor
447 871 757 927 animalium
782 869 1036 923 dicentem
1067 881 1084 920 :
1129 866 1342 922 Bilibris
1367 866 1537 940 tritici
1562 865 1777 920 denario

194 985 320 1034 uno,
369 977 418 1021 et
443 975 546 1020 tres
573 965 780 1019 bilibres
809 962 990 1016 hordei
1027 960 1243 1015 denario
1287 973 1413 1022 uno,
1443 967 1490 1012 et
1528 959 1700 1012 riuum
1731 965 1776 1010 et

193 1059 362 1116 oleum
395 1075 457 1112 ne
483 1055 697 1111 (reseris.
741 1049 893 1130 Tune
913 1056 967 1106 in
993 1051 1162 1106 medio
1191 1059 1418 1122 quat-nor
1445 1047 1775 1114 animalium,

190 1153 243 1208 id
286 1159 368 1205 est
398 1151 450 1205 in
493 1149 673 1204 medio
701 1148 958 1203 Ecclesiae
981 1189 995 1214 ,
1037 1149 1154 1201 hinc
1181 1161 1286 1200 vox
1313 1145 1529 1212 sonuit,
1561 1143 1778 1213 quando

188 1245 440 1300 adunatis
471 1245 524 1297 in
564 1244 665 1298 [ide
693 1227 992 1314 gentibus,
1013 1241 1192 1296 divina
1237 1239 1474 1310 potentia
1507 1239 1778 1293 diabolum

185 1339 254 1394 ab
276 1337 570 1391 electorum
599 1321 818 1391 laesione
844 1336 1202 1408 compescuit;
1231 1317 1293 1388 ac
1321 1334 1364 1388 si
1387 1335 1434 1388 ei
1459 1348 1554 1403 per
1575 1333 1780 1388 irrisio—

185 1444 311 1483 nem
341 1429 619 1483 diceretur
651 1445 663 1481 :
702 1427 1034 1490 frumentum
1077 1433 1131 1480 et
1161 1425 1422 1479 hordeum
1445 1465 1459 1489 ,
1499 1424 1684 1477 vinum
1727 1430 1782 1476 et

184 1517 364 1576 oleum
397 1519 577 1588 ablato
625 1519 847 1574 denario
893 1535 1073 1574 sessor
1119 1503 1244 1588 equi
1284 1517 1389 1570 albi
1421 1515 1690 1588 praeelegit
1727 1521 1781 1568 et

184 1603 553 1683 comparavit;
585 1611 770 1682 paleas
792 1619 994 1676 autem,
1019 1610 1253 1682 vinacia,
1277 1617 1332 1664 et
1361 1623 1659 1672 amurcam,
1685 1605 1778 1660 tibi

181 1695 427 1780 reliquit.
471 1703 588 1774 Una
619 1705 784 1776 igitur
817 1704 1050 1780 bilibris,
1077 1719 1197 1773 qua:
1227 1701 1284 1778 iit
1314 1718 1380 1762 ex
1411 1701 1623 1754 duobus
1658 1715 1780 1753 sex-

177 1777 356 1863 tariis,
414 1795 652 1864 Ecclesia
700 1803 783 1850 est
819 1779 893 1849 ex
943 1775 1152 1850 duobus
1191 1775 1551 1870 Tirstamentis
1588 1789 1641 1844 in
1685 1789 1777 1844 Dei

1879 595 2096 652 nentur,
2137 587 2344 642 efferati
2387 595 2448 642 ut
2497 588 2573 642 ita
2630 588 2858 643 dixerim
2909 589 3144 658 impulsu
3183 589 3463 654 diabolica:

1879 679 2236 751 Suggestionis
2263 695 2362 750 per
2397 681 2624 762 abrupta
2655 696 2880 750 quaeque
2928 681 3253 739 miserorum
3291 685 3464 744 vitam

1877 773 2234 842 prtecipitant.

1949 867 2113 922 Vsus.
2141 867 2194 922 9.
2211 897 2282 906 —
2301 866 2370 921 Et
2392 883 2510 921 cum
2525 869 2809 940 aperuisset
2831 869 3060 941 sigillum
3081 871 3336 944 quintum,
3355 871 3462 930 vidi

1878 962 2058 1016 subtus
2088 961 2254 1016 altare
2291 963 2386 1016 Dei
2433 965 2636 1018 animas
2684 964 2973 1018 occisorum
3003 975 3212 1038 propter
3253 968 3463 1024 verbum

1879 1051 1996 1118 Dei,
2023 1064 2070 1107 et
2102 1055 2452 1108 testimonium
2467 1055 2614 1130 quod
2637 1056 2914 1110 habebant.
2943 1055 3002 1110 In
3024 1057 3326 1112 occisorum
3348 1059 3465 1114 ani-

1885 1144 2076 1198 mabus
2140 1145 2380 1200 omnium
2438 1145 2736 1200 electorum
2807 1147 3017 1208 animas
3071 1147 3461 1220 intelligimus,

1880 1235 1968 1320 qui
2027 1235 2139 1289 sive
2195 1237 2570 1304 corporalibus
2620 1237 2733 1294 sive
2781 1239 3116 1310 spiritalibus
3146 1256 3176 1295 a
3223 1243 3468 1314 reprobis
3527 1309 3536 1322 ,

1879 1325 2374 1397 impugnationilnis
2413 1339 2789 1399 angustantur.
2838 1331 3132 1404 Martyrum
3185 1335 3329 1388 enim
3362 1336 3469 1392 duo

1881 1427 2004 1486 sunt
2035 1435 2250 1488 genera,
2307 1437 2472 1474 unum
2525 1421 2577 1474 in
2610 1431 2818 1492 aperto,
2860 1423 3094 1498 alterum
3145 1425 3200 1486 iu
3233 1427 3466 1490 occulto.

1879 1508 1985 1562 Per
2012 1510 2182 1574 altare
2232 1525 2361 1582 vero
2410 1511 2658 1570 Christus
2709 1513 3066 1590 intelligitur:
3099 1515 3152 1570 in
3206 1533 3312 1586 quo
3360 1517 3472 1588 Deo

1879 1600 2026 1664 Patri
2062 1604 2328 1658 sacriﬁcia
2382 1614 2569 1659 nostra
2620 1606 2918 1674 offerimus,
2979 1625 3100 1664 cum
3135 1610 3472 1682 unigenitum

1882 1693 1997 1762 ejus
2027 1695 2222 1750 Filium
2247 1697 2540 1763 imitantes,
2565 1699 2742 1772 hostia
2763 1701 2884 1754 viva
2917 1701 2968 1755 in
3005 1713 3300 1776 conspectu
3326 1704 3472 1776 illius

1884 1777 2223 1858 apparcmus.
2249 1789 2361 1844 Sub
2391 1791 2561 1846 altare
2587 1793 2751 1864 igitur
2773 1793 2967 1862 animae
2997 1775 3300 1866 occisorum
3323 1775 3470 1868 sunt,

176 1879 528 1963 proximique
575 1871 860 1942 dilectione
907 1865 1231 1940 censistens.
1278 1883 1384 1938 Sed
1425 1884 1477 1960 in
1513 1865 1620 1944 hoc
1659 1883 1776 1956 loco
1808 1867 1854 1942 β
1883 1881 2010 1948 quia
2056 1881 2342 1936 mediatori
2375 1893 2560 1938 nostro
2603 1886 2850 1940 subsunt.
2887 1885 2945 1956 Si
2995 1865 3122 1954 rero
3165 1904 3262 1966 per
3303 1865 3475 1950 altare

176 1989 343 2040 unam
375 1979 679 2036 Ecclesiam
709 1981 762 2034 in
791 1979 994 2056 sanctis
1023 1977 1490 2050 prtedicatoribus,
1519 1975 1602 2030 vel
1634 1991 1783 2046 mag-

176 2091 374 2132 narum
405 2074 668 2130 virtutum
697 2071 861 2138 viris,
889 2091 995 2129 non
1022 2071 1352 2144 generaliter
1382 2071 1434 2124 in
1463 2069 1673 2124 cunctis
1704 2069 1780 2122 in-

177 2167 430 2238 telligere
479 2167 757 2221 debemus.
813 2163 929 2220 Non
967 2165 1114 2218 enim
1165 2163 1282 2217 sine
1321 2177 1484 2216 causa
1522 2161 1610 2214 hic
1659 2168 1786 2230 post

177 2257 541 2322 {run-rentum,
574 2256 836 2310 hordeum
865 2255 1101 2324 ponitur.
1154 2253 1410 2323 Designet
1447 2253 1631 2320 itaque
1671 2249 1780 2305 una

173 2343 399 2408 bilibris
451 2347 618 2402 tritici
669 2360 735 2400 ex
785 2345 994 2400 duobus
1041 2343 1254 2414 populis
1307 2359 1476 2399 novos
1529 2341 1783 2397 Ecclesia:

173 2441 571 2514 praedicatores
594 2477 610 2505 ,
641 2445 698 2492 et
733 2436 1120 2492 eminentiores
1149 2437 1441 2491 virtutibus
1477 2436 1622 2490 viros
1642 2477 1654 2501 ,
1691 2433 1783 2510 qui

173 2533 596 2590 tribulationum
623 2531 930 2587 molendino
951 2529 1235 2597 confracti,
1267 2539 1320 2586 et
1343 2533 1783 2602 persecutionum

174 2629 305 2701 igne
331 2627 580 2692 decocti,
611 2627 767 2698 panis
797 2625 1024 2696 pulcher
1052 2625 1254 2680 Christi
1285 2633 1340 2680 et
1368 2611 1629 2681 candidus
1661 2623 1782 2679 ﬁeri

174 2727 523 2798 meruerunt.
569 2711 862 2790 Designent
887 2728 999 2774 tres
1039 2717 1265 2774 bilibres
1295 2711 1483 2774 hordei
1517 2717 1785 2786 subjecto-

173 2829 304 2872 rum
331 2821 390 2870 et
436 2797 830 2867 infirmantium
860 2811 1026 2865 vitam
1053 2853 1068 2877 ,
1107 2827 1172 2866 ex
1209 2819 1438 2880 utroque
1470 2809 1666 2886 pepulo
1693 2824 1786 2864 ve—

173 2906 470 2964 nientium.
522 2903 590 2958 Et
623 2912 750 2959 nota
795 2905 920 2973 quia
947 2918 1114 2958 unum
1152 2911 1207 2957 et
1237 2897 1486 2972 pretium
1519 2901 1684 2956 tritici
1732 2909 1788 2956 et

173 2999 409 3065 hordei,
458 2997 714 3068 quoniam
761 2995 860 3051 etsi
897 2997 1084 3066 dispar
1111 3003 1194 3051 est
1241 3003 1556 3050 sanctorum
1604 2995 1779 3064 labor,

171 3105 286 3149 uno
317 3083 502 3146 tamen
538 3101 663 3144 sunt
687 3090 864 3160 pretio
890 3089 1080 3159 empti,
1119 3097 1173 3144 et
1201 3105 1368 3143 unum
1401 3097 1526 3142 sunt
1554 3097 1674 3159 post
1709 3089 1786 3142 la-

170 3173 370 3241 berem
397 3184 678 3240 denarium
703 3183 998 3254 accepturi.
1023 3181 1330 3237 Notandum
1360 3191 1616 3252 praeterea
1652 3181 1778 3250 quia

169 3263 372 3334 eadem
418 3263 684 3332 sententia
731 3276 994 3346 repetitur
1020 3259 1140 3329 cum
1173 3273 1422 3328 subditur
1455 3292 1466 3326 :
1513 3275 1688 3327 riuum
1730 3281 1778 3326 et

169 3372 352 3428 oleum
386 3387 452 3426 ne
476 3355 692 3426 lwseris.
723 3369 1002 3436 Quomodo
1029 3366 1208 3439 [ϐοείη
1243 3365 1480 3438 quando]
1510 3365 1652 3420 enim
1679 3365 1779 3420 Ec-

169 3465 342 3522 clesia
373 3465 560 3518 vinum
590 3473 645 3518 et
668 3463 846 3518 oleum
874 3477 981 3518 non
1021 3471 1103 3517 est
1127 3501 1140 3528 ,
1173 3477 1294 3534 qua:
1320 3462 1374 3515 in
1402 3475 1779 3532 prossurarum

166 3555 444 3611 toreulari
473 3559 532 3607 ut
561 3569 664 3608 uva
688 3553 946 3622 calcatur,
979 3563 1034 3609 et
1061 3554 1116 3630 in
1145 3553 1515 3624 angustiarum
1543 3552 1691 3622 prelo
1721 3558 1781 3605 ut

165 3649 316 3704 oliva
343 3657 573 3704 contusa
609 3645 884 3718 liquatur?

243 3739 626 3800 Vens.7.—-Et
640 3759 757 3795 cum
771 3741 1054 3814 aperuisset
1072 3739 1302 3810 sigillum
1321 3745 1584 3811 quartum,
1600 3737 1728 3791 audi
1735 3738 1779 3792 vi

169 3852 354 3894 vocem
383 3837 561 3910 quarti
579 3821 838 3892 animalis
851 3835 1072 3890 dicentis
1098 3849 1116 3887 :
1138 3833 1269 3891 Veni
1287 3845 1334 3890 et
1353 3835 1463 3890 vide
1479 3849 1494 3886 .'
1513 3833 1699 3908 (Vens.
1724 3833 1777 3906 8)

162 3926 240 3984 Et
267 3945 390 3982 ecce
411 3945 572 3998 equus
595 3927 844 3997 pallidus,
877 3939 925 3981 et
941 3929 1028 3998 qui
1056 3927 1264 3981 sedebat
1293 3943 1466 3996 super,
1491 3941 1674 3978 nomen
1703 3924 1780 3976 illi

163 4020 361 4084 Mors;
395 4013 448 4071 et
473 4017 712 4086 infernus
759 4007 1073 4094 sequebatur
1097 4035 1236 4070 eum.
1287 4018 1394 4086 lpsi
1430 4015 1781 4092 designantur

161 4125 269 4184 per
299 4123 510 4184 equum
533 4107 791 4177 pallidum
821 4109 913 4178 qui
943 4117 994 4164 et
1023 4123 1119 4179 per
1146 4106 1351 4173 rufum,
1376 4122 1606 4178 quorum
1639 4122 1781 4162 nunc

163 4197 450 4275 spiritalis
473 4193 628 4255 mors
641 4197 696 4254 in
717 4199 886 4272 ipsius
913 4199 1036 4269 equi
1064 4197 1266 4272 pallore
1293 4198 1574 4268 ﬁguratur.
1606 4198 1779 4268 Supra

164 4311 312 4366 quos
339 4293 486 4348 bene
513 4307 681 4358 mors,
715 4291 768 4346 id
789 4299 873 4346 est
898 4283 1160 4354 diabolus,
1189 4279 1376 4346 contra
1399 4290 1550 4346 vivos
1575 4305 1780 4362 pugna-

164 4398 331 4444 turus
374 4383 570 4456 sedere
596 4382 822 4450 dicitur;
856 4377 980 4452 quia
1020 4399 1118 4454 per
1141 4381 1372 4440 ollicium
1403 4399 1614 4450 eorum,
1646 4398 1782 4454 quos

156 4483 277 4556 jam
311 4479 645 4554 spiritaliter
669 4469 888 4543 occidit,
915 4477 1212 4533 electorum
1233 4479 1402 4532 vitam
1436 4478 1782 4548 exstinguere

161 4576 398 4648 quaerit.
445 4571 696 4627 lnfernus
746 4571 826 4626 illi
881 4572 1158 4640 dicuntur,
1215 4573 1270 4626 in
1318 4573 1516 4642 quibus
1572 4573 1860 4656 habitat”

159 4683 342 4726 mors.
405 4662 660 4720 lnfernus
707 4679 836 4734 ergo
878 4663 1128 4733 sequitur-
1160 4672 1420 4728 mortem,
1474 4663 1599 4733 quia
1652 4664 1778 4717 mali

159 4762 470 4820 imitantur
494 4758 784 4834 diabolum.
811 4757 1042 4836 Eossunt
1063 4765 1116 4814 et
1136 4758 1446 4838 specialiter
1464 4773 1562 4832 per
1582 4771 1779 4830 equum

157 4857 440 4928 pallidum
472 4850 710 4916 herLici
745 4850 987 4926 intelligi.
1037 4847 1104 4906 Et
1142 4851 1267 4914 data
1305 4859 1380 4922 est
1429 4849 1506 4914 illi
1553 4857 1779 4921 potestas

157 4965 328 5022 super
376 4952 613 5024 quatuor
639 4954 811 5022 partes
842 4953 1024 5009 terrm,
1061 4944 1350 5014 interﬁcere
1378 4942 1556 5016 gladio
1575 4983 1592 5010 ,
1617 4943 1776 5013 fante,

157 5057 212 5108 ει
256 5047 462 5116 morte,
507 5043 554 5112 et
592 5035 768 5102 bestiis
809 5045 982 5100 terrai.
1031 5035 1160 5110 Duae
1197 5037 1406 5100 suntin
1437 5037 1540 5094 hoc
1577 5038 1778 5108 munda

156 5143 384 5210 partes,
437 5127 500 5184 id
545 5135 628 5188 est.
656 5125 860 5186 Christi
897 5133 951 5188 et
979 5127 1218 5200 diaboli;
1267 5127 1366 5194 sed
1407 5127 1609 5190 Christi
1651 5143 1777 5198 pars

155 5245 278 5294 non
302 5229 397 5296 est
443 5217 648 5290 divisa;
691 5216 850 5288 juxta
879 5217 1052 5290 illud:
1089 5215 1206 5282 Una
1253 5229 1328 5282 est
1376 5218 1614 5292 columba
1659 5235 1777 5280 mea

157 5297 352 5392 (Cant.
388 5325 472 5374 v1,
500 5308 578 5379 8).
609 5307 744 5364 Pars
777 5323 909 5366 vero
937 5308 1130 5372 diaboli
1168 5309 1222 5364 in
1253 5317 1485 5382 quatuor
1519 5311 1776 5376 dividitur

153 5416 358 5482 partes
375 5444 396 5474 ,ι
423 5401 486 5478 in
511 5414 774 5480 paganos,
802 5396 1036 5470 Iudaeos,
1069 5400 1376 5466 haereticos,
1407 5409 1462 5456 et
1484 5401 1656 5466 malos
1680 5417 1772 5460 ca-

159 5502 434 5578 tholicos.
468 5493 573 5568 Tot
601 5493 768 5574 igitur
804 5501 930 5550 sunt
963 5493 1132 5568 plagae
1158 5501 1290 5570 quot
1333 5493 1532 5552 diaboli
1565 5507 1770 5568 partes.

158 5595 274 5652 Sed
303 5588 592 5670 quomodo
633 5587 834 5662 gladio,
863 5593 918 5642 et
959 5585 1119 5652 fame,
1148 5593 1203 5640 et
1245 5595 1420 5644 morte
1463 5589 1771 5662 interﬁciat,

101 5701 114 5712 ί
151 5688 274 5764 jam
305 5687 528 5743 dictum
552 5691 654 5740 est.
683 5681 789 5738 Per
811 5681 1012 5756 bestias
1051 5690 1229 5738 autem
1265 5683 1618 5756 designantur
1643 5687 1774 5752 etle-

157 5785 270 5848 rati
300 5789 500 5837 motus
521 5777 843 5840 animorum.
877 5777 1072 5834 Bestiis
1107 5792 1235 5848 ergo
1266 5777 1440 5846 hostis
1467 5787 1652 5840 noster
1687 5799 1772 5840 re-

155 5875 482 5962 proborum.
530 5869 738 5958 animus
781 5870 1079 5944 interimit;
1123 5869 1248 5944 quia
1292 5868 1422 5932 dum
1467 5870 1774 5938 diuinorum

1883 1975 1986 2054 ipsi
2019 1974 2174 2030 electi
2225 1976 2599 2054 intelliguntur
2627 2017 2641 2042 ,
2675 1977 2775 2046 sub
2807 1995 2863 2032 se
2893 1987 3018 2050 sunt
3046 1997 3060 2046 ;
3087 1981 3214 2050 quia
3242 1984 3475 2052 necdum

1882 2051 2126 2140 corporis
2173 2051 2577 2122 immortalitate
2609 2069 2786 2122 vestiti
2819 2049 2964 2125 sunt.
2983 2049 2986 2050 ν
3021 2049 3206 2143 (Visus.
3240 2071 3354 2146 10.)
3402 2049 3477 2136 Et

1882 2155 2180 2234 clamabant
2230 2174 2348 2211 roce
2384 2175 2575 2228 magna
2620 2159 2890 2228 dicentes:
2924 2159 3222 2240 Usquequo,
3252 2163 3475 2224 Domine

1884 2247 2118 2320 (sanctus
2145 2255 2194 2302 et
2223 2247 2418 2320 verus),
2437 2265 2540 2302 non
2567 2249 2797 2304 vindicas
2813 2253 3124 2322 sanguinem
3151 2263 3388 2316 nostrum
3409 2256 3474 2322 de

1882 2337 1962 2392 his
1988 2339 2078 2412 qui
2105 2340 2412 2394 habitantia
2433 2341 2614 2410 terra?
2650 2341 2787 2410 Quid
2814 2352 2897 2398 est
2919 2346 3130 2416 animas
3159 2331 3473 2410 sanctorum

1882 2429 2180 2486 vindictam
2230 2431 2508 2504 sanguinis
2537 2431 2604 2486 de
2653 2433 3124 2508 persecutionibus
3159 2454 3475 2510 exposcere,

1885 2521 1986 2596 nisi
2018 2522 2157 2575 diem
2188 2524 2416 2578 extremi
2437 2521 2624 2592 judicii
2655 2525 2996 2600 prtrstolari?
3027 2529 3143 2592 Non
3168 2542 3348 2588 autem
3377 2547 3479 2604 per

1884 2628 2146 2682 organum
2200 2613 2430 2682 gutturis
2459 2613 2587 2669 folle
2635 2617 2842 2672 ventris
2890 2626 3120 2675 attracto
3168 2621 3474 2688 animarum

1885 2707 2052 2760 verba
2107 2706 2413 2782 formantur
2445 2725 2458 2774 ;
2505 2709 2600 2782 sed
2639 2727 2868 2790 magnus
2905 2727 3092 2778 earum
3122 2713 3326 2790 clampr
3359 2733 3478 2780 ma-

1886 2811 2049 2864 gnum
2089 2805 2172 2852 est
2199 2797 2550 2872 desiderium.
2585 2799 2690 2855 Sed
2727 2797 2850 2874 eum
2885 2804 3043 2876 aliter
3070 2807 3276 2876 moveri
3305 2807 3480 2866 soleat

1885 2881 2037 2942 mens
2088 2903 2207 2956 qua:
2236 2890 2371 2960 petit
2401 2931 2414 2954 ,
2465 2891 2623 2944 aliter
2653 2906 2772 2960 quae
2820 2895 3042 2963 petitur,
3081 2905 3134 2950 et
3165 2883 3478 2956 sanctorum

1887 2978 2081 3032 animae
2121 2979 2196 3032 ita
2225 2979 2337 3035 Deo
2375 2981 2670 3038 inhznreant
2699 2992 2759 3038 ut
2807 2985 3118 3054 inhrerendo
3169 2992 3474 3066 quiescant,

1887 3073 2154 3141 quomodo
2203 3073 2457 3128 dicuntur
2481 3083 2666 3148 petere
2691 3118 2705 3144 ,
2739 3094 2873 3166 quas
2901 3087 2954 3134 et
3000 3081 3332 3154 voluntatem
3374 3065 3476 3164 Dei
3517 3149 3538 3166 ἢ

1889 3171 2094 3218 certum
2123 3173 2226 3231 est,
2259 3174 2314 3220 et
2347 3181 2410 3220 ea
2443 3183 2562 3236 qua:
2619 3165 2804 3225 futura
2850 3179 2994 3238 sunt,
3041 3188 3146 3228 non
3181 3175 3477 3248 ignorare?

1885 3253 2175 3309 Sciendum
2204 3271 2334 3338 ergo
2364 3259 2489 3328 quia
2515 3259 2566 3313 in
2595 3259 2714 3332 ipso
2737 3263 2927 3333 posita:
2952 3263 3018 3317 ab
3039 3263 3155 3334 ipso
3176 3245 3365 3338 petere
3379 3245 3479 3326 alie

1883 3349 2014 3420 quid
2043 3349 2316 3422 dicuntur,
2355 3367 2460 3406 non
2500 3353 2627 3432 quia
2661 3353 2952 3422 vindictam
2985 3343 3295 3434 desiderent
3327 3359 3474 3430 quod

1882 3439 1949 3494 ab
1999 3439 2114 3506 ejus
2159 3457 2320 3510 quem
2352 3449 2578 3506 cernunt
2610 3443 2887 3518 voluntate
2918 3445 3229 3514 discordet;
3260 3447 3356 3506 sed
3406 3449 3473 3506 de

1882 3545 1939 3584 se
1968 3531 2084 3600 ipso
2109 3533 2402 3601 accipiunt,
2433 3541 2492 3618 ut
2518 3535 2586 3588 ab
2623 3533 2741 3612 ipso
2781 3543 2969 3612 petant
2999 3539 3142 3612 quod
3181 3533 3302 3614 eum
3329 3519 3476 3606 face?

1881 3635 1940 3674 re
1963 3621 2100 3676 velle
2129 3631 2415 3677 noverunt.
2439 3625 2623 3696 (Vnus.
2656 3625 2766 3697 ll.)
2805 3626 2872 3680 Et
2896 3627 3034 3684 data:
3066 3639 3187 3696 sunt
3211 3629 3316 3688 illis
3355 3633 3470 3688 sin-

1879 3711 2016 3782 gula:
2037 3711 2183 3768 stola?
2228 3715 2383 3780 alba',
2432 3727 2480 3769 et
2509 3717 2709 3794 dictum
2748 3728 2824 3774 est
2854 3719 2960 3774 illis
2991 3731 3048 3790 ut
3100 3724 3475 3800 requiescerent

1881 3807 2142 3860 modicum
2181 3807 2352 3860 adhuc
2394 3817 2616 3888 tempus,
2647 3808 2810 3880 donec
2853 3813 3190 3882 compleatur
3217 3832 3475 3878 numerus

1881 3911 2262 3968 conservorum
2289 3905 2344 3948 et
2385 3895 2612 3958 fratrum
2642 3913 2830 3968 comm
2863 3901 2956 3976 qui
2977 3901 3327 3974 interficiendi
3352 3918 3475 3962 sunt

1879 3987 2014 4039 sicut
2043 3993 2090 4038 et
2137 3984 2235 4037 illi.
2287 3984 2424 4070 Quid
2457 4002 2555 4070 per
2602 3989 2767 4046 stolas
2809 3991 3000 4062 albas,
3031 3993 3133 4060 nisi
3187 3998 3474 4070 praemium

1880 4086 2182 4147 martyrum
2205 4075 2228 4130 ?
2249 4069 2387 4130 Ante
2435 4081 2888 4138 resurrectionem
2923 4085 3122 4164 quippe
3160 4069 3328 4148 stolas
3360 4092 3472 4146 sin-

1881 4167 2032 4239 gulas
2052 4169 2326 4242 accepisse
2345 4171 2700 4248 perhibentur
2726 4175 2904 4244 electi,
2931 4179 3059 4256 quia
3089 4179 3140 4234 in
3161 4180 3274 4246 sola
3294 4183 3470 4242 adhuc

1881 4261 2060 4315 anima
2099 4269 2304 4318 aeterna
2337 4263 2669 4332 beatitudine
2690 4268 3065 4342 perfruuntur.
3099 4269 3314 4344 Etnota
3339 4275 3467 4362 quia

1882 4353 2185 4408 animarum
2226 4371 2331 4409 vox
2360 4357 2577 4418 esthoc
2630 4359 2774 4432 quod
2820 4371 3064 4432 amantes
3110 4343 3468 4438 desidera‘nt';

1881 4447 2207 4514 respondere
2239 4445 2332 4502 Dei
2362 4457 2445 4502 est
2472 4457 2532 4504 ut
2559 4449 2932 4524 collectionem
2977 4451 3204 4526 fratrum
3238 4472 3465 4528 exspec-

1885 4545 1999 4592 tare
2030 4539 2290 4607 debeant,
2333 4557 2522 4597 eorum
2573 4543 2843 4600 mentibus
2887 4546 3238 4620 exspectandi
3286 4565 3469 4624 moras

1883 4631 2114 4686 libenter
2141 4633 2447 4690 infundere.
2485 4635 2685 4708 Optant
2711 4651 2842 4706 ergo
2866 4652 3155 4710 corporum
3196 4655 3470 4708 resurreCs-

1884 4724 2084 4777 tionem
2118 4741 2130 4789 ;
2167 4725 2260 4779 sed
2282 4727 2507 4800 audiunt
2535 4737 2595 4802 ut
2619 4728 2851 4784 libenter
2875 4721 3187 4806 exspectent
3229 4733 3464 4806 fratrum

1881 4817 2276 4873 collectionem.
3449 4811 3454 4816 ’

1953 4934 2113 4992 Vens.
2143 4934 2226 4990 12.
2250 4933 2404 4990 --Et
2419 4935 2522 5010 vidi
2541 4954 2658 5006 cum
2681 4939 2965 5010 aperuisset
2987 4941 3216 5014 sigillum
3235 4953 3464 5014 sextans,

1877 5038 2203 5086 terrwmotus
2226 5030 2396 5100 [actus
2423 5040 2498 5092 est
2547 5048 2807 5104 magnus;
2839 5043 2886 5104 ει
2905 5034 2985 5098 8.01
3021 5035 3194 5105 [actus
3218 5045 3290 5096 est
3316 5039 3465 5109 niger

1878 5131 2126 5194 tanquam
2152 5139 2334 5178 saccus
2365 5121 2604 5182 cilicinns
2627 5142 2646 5190 ;
2668 5134 2716 5194 et
2755 5125 2882 5182 luna
2911 5126 3053 5196 facta
3079 5135 3154 5194 est
3176 5128 3312 5192 sicut
3334 5145 3460 5184 san-

1877 5215 2012 5288 guis.
2045 5213 2148 5270 Per
2193 5223 2580 5284 tet-rgemotum,
2609 5218 2798 5288 ultima
2819 5219 2922 5282 sub
2952 5197 3285 5284 Antichristo
3330 5236 3460 5292 per.

1877 5308 2083 5372 secutio
2111 5308 2270 5370 debet
2319 5309 2566 5382 intelligi.
2601 5309 2824 5382 Magnus
2847 5317 3030 5374 autem
3065 5311 3284 5380 dicitur,
3307 5314 3458 5384 quia,

1869 5402 2026 5474 juxta
2047 5401 2260 5456 Domini
2281 5417 2494 5472 vocem,
2514 5403 2619 5458 erit
2646 5412 2772 5458 tunc
2799 5400 3096 5468 tribulatio,
3111 5404 3300 5474 Qualis
3322 5421 3463 5466 nun-

1875 5516 2036 5572 quam
2083 5499 2188 5556 fuit
2215 5540 2232 5565 ,
2287 5501 2378 5558 sed
2411 5515 2514 5556 nec
2543 5501 2654 5556 tiet.
2710 5496 2804 5554 Sol
2849 5506 3030 5558 autem
3067 5497 3316 5558 Christus
3350 5507 3454 5564 est,

1865 5588 2022 5662 juxta
2082 5588 2256 5657 illud:
2315 5589 2480 5646 Vobis
2532 5587 2624 5660 qui
2674 5587 2878 5648 timetis
2919 5587 3088 5666 Deum
3134 5589 3334 5650 orietur
3373 5587 3457 5646 sol

1863 5681 2090 5755 justitia?
2119 5679 2373 5753 (Malach.
2400 5696 2474 5743 IV,
2501 5679 2580 5750 2),
2599 5679 2694 5749 qui
2723 5679 3032 5752 novissimis
3055 5680 3456 5749 obseurabitur,

1861 5794 1996 5840 cum.
2020 5777 2077 5842 hi.
2097 5779 2190 5848 qui
2224 5775 2380 5846 quasi
2409 5774 2466 5840 in
2493 5771 2694 5832 Christi
2733 5787 2962 5844 corpore
2991 5773 3170 5832 lucere
3192 5772 3454 5830 videban-

1872 5881 1962 5932 tur
1985 5915 2002 5946 ,
2053 5872 2124 5932 ad
2173 5869 2351 5946 aperti
2387 5867 2594 5928 erroris
2648 5867 2906 5926 tenebras
2944 5867 3316 5926 devolventur.
3345 5865 3462 5928 Pas
