4090 6456
627 449 765 510 1127
1472 448 1533 506 B.
1573 449 1636 506 F.
1677 449 1903 507 ALBlNl
1941 447 2074 508 SEU
2110 443 2386 532 ALCUINI
2423 447 2707 508 OPERUM
2743 441 2926 509 PARS
2959 447 3021 508 Π.
3750 455 3904 520 1198

625 576 732 623 test
754 576 810 623 et
845 579 945 639 per
968 567 1136 624 solem
1163 564 1372 637 fulgens
1397 568 1508 622 vita
1543 568 1952 638 praedicantium
1979 567 2204 624 demon-
2232 569 2286 630 Α
2308 573 2454 633 runt,
2485 567 2579 637 qui
2623 574 2768 621 recte
2818 576 3030 622 montes
3080 578 3341 625 vocantur
3365 611 3380 637 ,
3417 571 3543 643 quia
3596 575 3906 636 virtutibus

624 659 809 715 strari.
842 660 899 715 ln
925 668 1167 714 extremo
1189 675 1317 730 ergo
1348 667 1588 731 tempore
1617 661 1696 716 sol
1733 661 1887 732 quasi
1918 675 2108 716 saccus
2129 659 2207 715 ci~
2307 660 2403 714 alti
2457 667 2672 714 terrena
2721 660 3041 732 despiciunt.
3100 661 3266 717 Recte
3305 672 3490 734 petrae,
3548 667 3681 738 quia
3727 668 3905 728 fortes

623 749 818 805 licinus
842 751 964 815 erit,
998 750 1121 819 quia
1143 749 1351 820 fulgens
1393 751 1498 805 vita
1528 751 1938 821 praedicantium
1965 760 2090 807 ante
2121 766 2204 806 re—
2305 761 2431 809 sunt
2463 754 2695 821 robore;
2728 755 2912 825 utique
2936 757 2988 809 in
3020 754 3261 823 Christo,
3288 760 3378 830 qui
3405 770 3492 816 est
3520 773 3702 833 petra,
3737 784 3906 822 roso-

622 843 915 913 proborum
961 842 1146 900 oculos
1175 859 1366 916 aspera
1393 854 1448 899 et
1494 845 1744 915 despecta
1789 846 2198 901 monstrabitur.

621 932 869 988 Cilicium
896 935 1094 1006 quippe
1118 937 1423 992 criminosis
1448 947 1502 992 et
1527 940 1906 1008 peccatoribus
1931 939 2198 1010 congruit.

622 1024 724 1078 Per
741 1025 920 1084 lunam
941 1043 1150 1083 versam
1172 1030 1225 1084 in
1247 1031 1582 1102 sanguinem,
1601 1031 1942 1101 agnoscimus
1959 1040 2202 1087 sanctam

621 1117 917 1172 Ecclesiam
951 1120 1004 1173 in
1028 1120 1216 1177 electis
1244 1139 1435 1178 cruore
1482 1124 1749 1193 passionis
1791 1124 2063 1179 infectam.
2098 1124 2203 1178 To-

616 1213 672 1259 ta
704 1214 882 1261 autem
911 1207 1113 1264 infecta
1141 1211 1352 1276 dicitur,
1405 1214 1530 1282 quia
1560 1213 1736 1268 nullus
1787 1214 1877 1268 illa
1906 1213 2199 1268 novissima

537 1325 542 1334 -
615 1301 994 1368 persecutione
1023 1317 1214 1373 expers
1248 1306 1350 1359 erit
1378 1307 1469 1376 qui
1501 1307 1555 1360 in
1587 1305 1689 1360 ﬁde
1733 1307 2044 1362 mediatoris
2077 1322 2200 1376 per-

617 1391 876 1445 manserit
902 1408 917 1456 ;
946 1393 1088 1448 unde
1110 1393 1225 1449 Joel
1257 1412 1271 1448 :
1302 1394 1416 1462 Sol,
1453 1397 1649 1466 inquit,
1683 1407 2009 1464 convertetur
2037 1398 2090 1452 in
2118 1407 2198 1451 te-

616 1479 824 1545 nebras,
853 1489 901 1536 et
930 1480 1056 1536 luna
1086 1484 1143 1538 in
1169 1486 1472 1555 sanguinem
1493 1528 1508 1552 ,
1539 1498 1818 1558 antequam
1872 1488 2042 1541 veniat
2085 1487 2196 1540 dies

614 1586 836 1641 magnus
861 1580 910 1625 et
948 1572 1266 1628 manifestus
1308 1573 1466 1646 (Joel.
1503 1592 1565 1641 ιι,
1595 1576 1707 1646 51).
1754 1576 1937 1648 (Vens.
1967 1574 2078 1647 15.)
2123 1573 2194 1627 Et

613 1662 778 1716 stellw
799 1663 923 1718 coeli
951 1664 1248 1720 ceciderunt
1277 1683 1432 1736 super
1452 1676 1669 1731 terram,
1707 1668 1840 1722 sicut
1863 1669 1995 1736 ﬁcus
2037 1666 2194 1719 mittit

612 1771 816 1825 grossos
840 1775 964 1812 suos
1011 1775 1129 1812 cum
1153 1778 1185 1814 a
1211 1769 1358 1814 vento
1386 1777 1574 1831 magno
1603 1768 1853 1814 movetur.
1877 1757 2083 1812 Caelum
2112 1765 2196 1812 est

610 1857 920 1903 sanctorum
963 1851 1223 1916 Ecclesia,
1269 1867 1388 1921 quae
1418 1853 1470 1906 in
1513 1860 1670 1906 nocte
1721 1851 1844 1905 vitze
1887 1849 2186 1920 praesentis,

2303 847 2431 902 rati.
2457 847 2594 903 Hinc
2614 847 2874 903 Dominus
2903 849 2956 903 in
2991 850 3280 922 Evangelio
3325 854 3459 909 dicit
3487 874 3500 908 :
3541 855 3690 911 Tunc
3727 863 3902 931 quiin

2300 938 2494 994 Juda’a
2515 949 2637 994 sunt
2681 940 2887 1010 fugiant
2918 941 2988 994 ad
3014 951 3215 996 montes
3239 942 3455 1015 (Matth.
3495 963 3648 1010 xxxv,
3680 949 3792 1021 16).
3832 953 3901 1005 Et

2303 1028 2556 1084 Salomon
2589 1047 2602 1081 :
2635 1028 2960 1100 Lepusculus
2984 1030 3125 1102 plebs
3154 1034 3387 1087 invalida
3413 1035 3634 1091 collocat
3662 1040 3716 1093 in
3745 1052 3902 1110 petra

2300 1120 2467 1175 cubile
2516 1121 2617 1176 sibi
2657 1120 2841 1192 (Prov.
2875 1138 3005 1187 xxx,
3035 1122 3149 1196 26).
3196 1124 3262 1178 Et
3301 1124 3514 1182 Isaias:
3560 1128 3898 1198 Introibunt,

2301 1212 2498 1283 inquit,
2535 1213 2591 1266 in
2627 1211 2903 1283 speluncas
2926 1223 3214 1284 petrarum,
3241 1227 3290 1269 et
3325 1215 3379 1270 in
3404 1221 3684 1290 voragines
3712 1233 3896 1291 terrm,

2298 1321 2330 1358 a
2356 1305 2492 1374 facie
2515 1303 2839 1372 fortitudinis
2861 1303 3096 1371 Domini,
3125 1315 3173 1360 et
3200 1322 3231 1359 a
3247 1306 3415 1376 gloria
3441 1310 3892 1384 majestatisejus,

2298 1414 2414 1450 cum
2446 1398 2786 1451 resurrexerit
2810 1412 3073 1468 percutere
3096 1410 3290 1455 terram
3322 1402 3458 1473 (Isa.
3493 1422 3559 1472 tl,
3596 1408 3709 1478 19).
3740 1408 3893 1475 Quod

2297 1488 2460 1542 etiam
2490 1489 2754 1560 agendum
2781 1489 3036 1546 admonet
3065 1491 3250 1548 dicens
3283 1511 3296 1546 :
3350 1493 3640 1566 Ingredere
3665 1512 3889 1570 petram,

2296 1575 2611 1632 abscondere
2639 1579 2780 1648 fossa
2809 1579 2966 1634 humo
2999 1579 3187 1651 (Ibid.,
3245 1601 3378 1640 vers.
3415 1587 3528 1658 10).
3561 1588 3801 1646 Possunt
3837 1603 3890 1650 et

2294 1685 2392 1740 per
2434 1670 2550 1725 hrec
2597 1687 2844 1739 supernae
2894 1673 3124 1730 virtutes
3151 1676 3375 1749 intelligi
3405 1697 3421 1745 ;
3455 1679 3615 1748 juxta
3660 1687 3806 1754 quod
3835 1690 3885 1744 in

2293 1759 2434 1815 libro
2473 1758 2573 1816 Job
2617 1760 2846 1832 legitur:
2878 1761 2944 1817 In
2981 1766 3139 1834 petris
3184 1778 3358 1824 manet
3389 1810 3405 1836 ,
3437 1781 3487 1826 et
3527 1773 3582 1826 in
3608 1782 3884 1849 praeruptis

2293 1850 2524 1906 silicibus
2547 1869 2904 1907 commoratur
2929 1863 2984 1909 et
3001 1856 3279 1912 inaccessis
3307 1861 3523 1932 rupibus
3544 1865 3669 1935 (Job
3695 1885 3883 1937 xxxix,

610 1936 737 1991 dum
766 1940 1076 1995 innumeras
1107 1950 1418 1997 sanctorum
1442 1944 1583 1998 vitas
1631 1943 1892 2005 continet,
1919 1942 2074 2011 quasi
2101 1957 2189 1996 ra-
2216 1927 2266 1988 Β
2293 1943 2404 2023 28).
2433 1943 2572 2012 Quid
2596 1961 2726 2001 vero
2765 1946 2878 2002 sive
2927 1947 2996 2002 ad
3032 1951 3254 2021 angelos
3285 1953 3402 2010 sive
3441 1958 3512 2012 ad
3539 1970 3764 2018 sanctos
3794 1964 3885 2020 ho-

610 2029 885 2086 diantibus
921 2033 1151 2104 desuper
1199 2035 1466 2089 sideribus
1517 2035 1702 2106 fulget.
1738 2034 1932 2088 Stellas
1975 2049 2101 2103 ergo
2124 2034 2192 2088 de

609 2121 745 2175 coelo
774 2122 825 2175 in
859 2131 1057 2177 terram
1084 2126 1296 2190 cadere,
1341 2135 1424 2180 est
1448 2142 1540 2181 eos
1569 2126 1660 2194 qui
1705 2125 1955 2180 videntur
1978 2133 2192 2180 sancto-

606 2226 726 2266 rum
759 2215 879 2269 ﬁdei
909 2216 991 2270 vel
1022 2218 1279 2286 operibus
1325 2218 1610 2284 inhaerere,
1658 2235 1721 2274 ex
1753 2233 1938 2273 amore
1973 2227 2190 2273 terreno

606 2307 674 2362 ad
728 2306 1065 2376 iniquitatem
1098 2310 1268 2380 aperti
1311 2311 1515 2366 erroris
1562 2327 1739 2367 ruere.
1779 2310 1892 2366 Hoc
1915 2317 2000 2364 est
2025 2310 2188 2365 etiam

605 2398 766 2454 ﬁcum
799 2415 1016 2470 grossos
1058 2417 1185 2457 suos
1213 2402 1428 2458 mittere
1456 2419 1469 2458 :
1499 2404 1652 2472 quasi
1681 2404 1824 2458 enim
1851 2405 2013 2458 arbor
2037 2402 2124 2457 ﬁci
2156 2417 2188 2456 a

604 2505 798 2560 magno
845 2501 1005 2546 vento
1032 2502 1276 2548 movetur
1307 2535 1321 2559 ,
1351 2511 1474 2550 cum
1517 2503 1760 2549 extrema
1810 2493 2188 2562 persecutione

602 2583 780 2636 omnis
805 2583 1044 2639 Ecclesia
1064 2586 1390 2641 concutitur.
1412 2587 1580 2641 Porro
1602 2585 1706 2640 alia
1733 2585 2013 2640 translatio
2038 2601 2186 2639 acer-

603 2673 692 2727 bos
720 2675 921 2744 posuit.

677 2766 836 2822 Vens.
868 2767 1131 2823 14.—Et
1175 2767 1359 2823 caelum
1385 2769 1594 2825 recessit
1629 2780 1686 2824 ut
1725 2769 1854 2824 liber
1892 2771 2179 2826 involutus.

602 2857 756 2913 Sicut
805 2862 1021 2930 reprobi
1051 2862 1117 2915 ab
1145 2861 1418 2927 Ecclesia,
1453 2879 1558 2919 non
1603 2879 1830 2933 corpore
1859 2863 1955 2918 sed
2007 2871 2181 2918 trans-

599 2951 970 3021 gressionibus
998 2953 1214 3018 cadunt,
1265 2954 1345 3008 sic
1372 2955 1562 3009 eadem
1616 2954 1857 3010 Ecclesia
1912 2955 1965 3008 in
1996 2954 2181 3008 electis

598 3043 712 3098 auis
733 3059 838 3098 non
864 3044 1118 3098 abscessu
1146 3045 1409 3113 corporis,
1443 3046 1536 3099 sed
1566 3046 1670 3100 ﬁde
1695 3053 1751 3100 et
1779 3047 2092 3116 operatione
2113 3046 2180 3100 de

598 3136 775 3190 medio
801 3134 1064 3189 malorum
1092 3136 1314 3190 recedit.
1347 3137 1491 3191 Bene
1519 3144 1700 3190 autem
1724 3152 1822 3206 per
1855 3137 2051 3191 librum
2077 3136 2179 3190 Ec-

596 3226 758 3283 clesia
793 3226 1124 3298 designatur,
1155 3229 1280 3298 quia
1315 3229 1478 3285 totius
1507 3230 1632 3285 vitae
1661 3230 1896 3286 caelestis
1919 3230 2176 3284 mandata

597 3315 651 3372 in
682 3331 740 3372 se
770 3319 1030 3384 continet,
1078 3333 1188 3374 non
1232 3320 1288 3374 in
1335 3323 1664 3378 membranis
1700 3330 1909 3376 tantum
1948 3322 2174 3389 calamo,

595 3409 691 3464 sed
730 3409 895 3464 etiam
943 3411 996 3464 in
1040 3413 1236 3468 tabulis
1265 3415 1444 3470 cordis
1493 3415 1805 3471 carnalibus
1847 3415 1942 3470 Dei
1983 3415 2177 3486 spiritu

595 3502 814 3572 scripta.
858 3503 926 3556 Et
959 3512 1085 3559 nota
1112 3507 1238 3575 quia
1285 3508 1554 3563 involutus
1603 3508 1739 3563 liber
1778 3509 2006 3576 dicitur;
2040 3511 2178 3564 sicut

593 3597 738 3649 enim
782 3612 890 3652 non
935 3599 1151 3653 videtur
1194 3600 1322 3668 quid
1370 3599 1509 3654 liber
1557 3601 1828 3656 involutus
1875 3605 2175 3670 contineat,

593 3683 699 3738 nisi
733 3686 798 3739 ab
839 3686 942 3740 illis
985 3688 1182 3757 quibus
1232 3689 1509 3745 voluntate
1550 3691 1826 3759 aperitur;
1870 3693 1950 3748 sic
1977 3694 2179 3749 electo-

591 3793 712 3832 rum
761 3777 1003 3833 Ecclesia
1052 3781 1440 3850 persecutionis
1470 3789 1713 3851 tempore
1744 3783 1938 3838 intima
1971 3801 2067 3840 sua
2122 3795 2178 3840 et

591 3871 862 3926 extraneis
887 3871 1106 3937 claudit,
1130 3882 1183 3927 et
1213 3873 1325 3928 suis
1353 3873 1588 3929 discrete
1624 3874 1769 3930 intus
1785 3878 1978 3948 aperit.

663 3961 730 4014 Et
747 3962 912 4016 omnis
936 3981 1082 4018 mons
1103 3974 1152 4018 et
1176 3963 1362 4020 insula:
1375 3965 1437 4019 de
1460 3965 1586 4021 locis
1607 3968 1715 4023 suis
1726 3978 1880 4024 motce
1906 3980 2047 4026 sunt.
2071 3971 2177 4028 Per

591 4060 802 4108 montes
827 4055 1094 4123 praecelsa:
1111 4039 1387 4128 dignitatis
1399 4059 1548 4112 viros
1572 4059 1832 4116 debemus
1851 4063 2170 4134 intelligere,

589 4146 679 4214 qui
719 4145 852 4201 alios
879 4147 1062 4201 verbis
1092 4156 1145 4200 et
1172 4148 1460 4204 virtutibus
1491 4153 1900 4207 transcendunt.
1936 4153 2012 4208 De
2052 4156 2173 4224 qui-

586 4236 690 4292 bus
711 4237 943 4292 dicitur“:
959 4237 1156 4294 Levavi
1178 4239 1363 4295 oculos
1375 4256 1524 4297 meos
1541 4243 1607 4297 ad
1625 4252 1834 4299 montes
1849 4243 2022 4316 (Psal.
2043 4263 2171 4314 cxx,

588 4328 663 4401 1).
702 4327 806 4382 Per
835 4329 1036 4385 insulas
1082 4345 1213 4384 vero
1241 4331 1466 4387 minoris
1503 4333 1728 4402 justitize
1754 4335 2000 4392 homines
2027 4340 2172 4393 acci-

587 4418 766 4488 pimus
813 4420 988 4475 adhuc
1042 4419 1098 4474 in
1146 4421 1587 4478 tribulationibus
1620 4423 1962 4481 ﬁuctuantes.
2017 4427 2170 4494 Quod

586 4529 715 4586 ergo
740 4523 949 4570 montes
979 4523 1034 4570 et
1061 4515 1248 4569 insulae
1277 4517 1341 4570 de
1388 4517 1520 4571 locis
1551 4519 1663 4572 suis
1690 4529 1848 4574 motae
1892 4522 2166 4589 dicuntur,

587 4606 657 4661 ad
687 4607 1020 4676 superiorem
1053 4623 1269 4683 sensum
1296 4609 1549 4677 pertinet,
1597 4627 1705 4682 quo
1735 4623 2046 4670 sanctorum
2072 4618 2167 4674 Ec-
2193 4645 2250 4708 Β

587 4693 751 4750 clesia
790 4693 893 4750 ﬁde
943 4704 998 4751 et
1039 4712 1202 4768 opere
1244 4713 1275 4752 a
1303 4697 1567 4753 malorum
1615 4703 1820 4758 recedit
1869 4709 2165 4764 consortio.

585 4785 750 4854 Quasi
774 4788 915 4841 enim
957 4788 1105 4844 locus
1125 4789 1242 4859 ejus
1268 4799 1384 4846 erat
1415 4793 1680 4863 permixta
1700 4801 2044 4855 conversatio
2060 4819 2171 4858 ma-

583 4877 776 4934 lorum.
809 4877 992 4950 (Vsus.
1024 4881 1133 4954 15.)
1189 4882 1258 4936 Et
1288 4901 1429 4955 rcges
1478 4895 1654 4955 terrm,
1701 4899 1750 4943 et
1783 4892 2070 4964 principes,
2114 4905 2162 4949 et

583 4970 800 5036 tribuni,
829 4981 876 5024 et
901 4971 1102 5038 divites,
1151 4982 1198 5027 et
1217 4974 1400 5044 fortes,
1423 4987 1472 5031 et
1503 4980 1672 5033 omnis
1699 4998 1902 5048 servus,
1934 4992 1982 5037 et
2009 4983 2160 5051 liber,

583 5061 961 5118 absconderunt
997 5081 1052 5119 se
1099 5065 1155 5119 in
1182 5067 1462 5136 speluncis,
1493 5082 1540 5125 et
1594 5073 1648 5126 in
1693 5076 1850 5144 petris
1881 5077 2156 5131 montium.

583 5156 755 5227 Reges
781 5165 904 5212 sunt
929 5159 1018 5228 qui
1035 5175 1093 5214 se
1107 5160 1252 5230 ipsos
1274 5163 1410 5218 bene
1426 5174 1638 5234 regunt.
1662 5166 1922 5223 Similiter
1935 5176 1990 5223 et
2009 5169 2158 5239 prin—

582 5247 728 5317 cipes
751 5288 767 5313 ,
794 5249 884 5318 qui
915 5264 1022 5304 non
1053 5251 1193 5306 sicut
1226 5267 1400 5324 reges,
1448 5263 1627 5312 tamen
1665 5266 1726 5312 ut
1752 5269 1977 5329 possunt
2012 5261 2158 5316 vitiis

582 5338 854 5392 resistunt.
904 5338 1165 5397 Similiter
1201 5344 1399 5399 tribuni
1439 5344 1552 5413 jam
1585 5349 1808 5404 minoris
1837 5359 1962 5405 sunt
2008 5360 2160 5422 pote-

578 5430 753 5496 statis,
793 5446 954 5501 quam
981 5433 1252 5505 principes
1282 5454 1296 5502 ;
1328 5445 1699 5492 verumtamen
1723 5448 1779 5494 et
1804 5441 1928 5510 ipsi,
1950 5450 2010 5496 ut
2035 5457 2160 5512 pos-

580 5529 722 5585 sunt,
753 5523 1015 5578 resistunt
1061 5525 1293 5581 diabolo.
1323 5527 1525 5583 Divites
1554 5529 1681 5584 dicit
1706 5530 2017 5597 virtutibus,
2046 5549 2155 5588 non

579 5613 784 5678 rebus;
817 5610 981 5670 fortes
1006 5631 1222 5688 quoque
1269 5634 1374 5673 non
1412 5634 1660 5689 corpore,
1705 5622 1797 5676 sed
1847 5624 2046 5678 animo.
2089 5623 2154 5678 l-li

577 5702 744 5772 Igitur
772 5715 1014 5762 extrema
1056 5712 1431 5779 persecutione
1461 5712 1594 5766 nihil
1620 5712 1684 5766 de
1729 5712 1839 5767 suis
1863 5713 2155 5772 virtutibus

577 5806 962 5860 praesumentes
998 5801 1051 5854 in
1083 5803 1330 5856 cavernis
1382 5812 1437 5857 et
1489 5805 1543 5857 in
1571 5805 1839 5874 speluncis
1889 5806 2152 5862 montium

577 5891 637 5934 se
664 5881 1034 5953 abscondunt,
1075 5892 1327 5957 quoniam
1361 5900 1670 5948 sanctorum
1719 5894 1972 5968 suffragia
2004 5911 2148 5968 quae—

2293 2037 2468 2091 mines
2491 2035 2761 2107 fugientes
2783 2038 2985 2104 dicant,
3011 2041 3312 2099 audiamus.

2363 2151 2527 2206 Vens.
2557 2150 2643 2206 16.
2662 2150 2812 2206 -Ει
2839 2153 3019 2208 dicunt
3049 2157 3334 2223 montibus,
3373 2157 3546 2215 Cadile
3564 2180 3730 2235 super
3749 2184 3870 2236 nos,

2289 2250 2339 2295 et
2373 2241 2670 2297 abscondite
2698 2261 2791 2298 nos
2821 2263 2853 2298 a
2898 2244 3034 2313 facie
3083 2247 3310 2302 sedentis
3352 2266 3497 2320 super
3520 2253 3792 2323 thronum,
3821 2269 3875 2314 et

2290 2331 2354 2385 ab
2378 2334 2458 2386 ira
2489 2334 2642 2403 Agni.
2673 2334 2750 2389 Ac
2780 2335 2824 2389 si
2873 2345 3058 2404 aperte
3086 2337 3267 2392 dicant
3293 2356 3309 2392 :
3356 2339 3732 2400 Misericordia
3759 2350 3877 2403 ani-

2288 2439 2436 2480 mum
2487 2424 2687 2482 ﬂectite
2719 2467 2733 2492 ,
2774 2442 2980 2498 nosque
3007 2429 3112 2499 piis
3155 2431 3653 2492 interventionibus
3693 2441 3760 2494 ab
3801 2441 3881 2498 ira

2279 2516 2574 2587 judicantis
2603 2519 2786 2588 legite.
2828 2519 2946 2575 Non
3000 2530 3181 2577 autem
3212 2541 3242 2578 a
3267 2523 3407 2582 facie
3431 2531 3734 2597 parcentis,
3789 2534 3882 2589 sed

2285 2621 2316 2660 a
2341 2607 2480 2662 facie
2507 2624 2606 2664 nos
2648 2610 2962 2666 abscondite
3010 2611 3318 2670 irascentis.
3369 2615 3482 2672 Cur
3521 2619 3596 2673 ita
3631 2623 3881 2691 pertime-

2284 2709 2458 2766 scant,
2491 2702 2667 2758 adhuc
2714 2702 3044 2775 subjungunt
3069 2723 3083 2758 :
3110 2706 3295 2779 (Vsus.
3331 2710 3419 2782 17)
3451 2711 3726 2777 Quoniam
3751 2721 3880 2772 venit

2283 2794 2394 2848 dies
2423 2812 2646 2866 magnus
2668 2796 2764 2849 ira:
2790 2795 2927 2877 ejus,
2955 2806 3005 2851 et
3032 2799 3147 2869 quis
3168 2801 3357 2870 poterit
3377 2811 3521 2857 stare
3546 2805 3574 2858 Ρ
3601 2806 3880 2877 Tanquam

2283 2888 2466 2943 dicant
2494 2904 2508 2943 :
2541 2889 2600 2943 Si
2629 2890 2771 2945 illius
2823 2874 2921 2947 Dei
2951 2891 3088 2947 iram
3121 2903 3341 2950 sanctus
3360 2874 3879 2970 pertimescithuis

2281 2990 2528 3036 nostrum
2551 2983 2849 3037 subsistet?
2869 2983 3144 3039 Praeteriri
3170 2995 3393 3056 possunt
3409 2988 3531 3044 haec
3551 2991 3744 3045 omnia
3763 3008 3877 3063 qua

2281 3072 2348 3128 de
2386 3079 2584 3132 sanctis
2615 3078 2755 3134 dicta
2783 3090 2929 3148 sunt,
2975 3093 3029 3140 ct
3057 3085 3124 3139 de
3150 3087 3393 3156 reprobis
3421 3087 3661 3161 intelligi
3693 3106 3709 3145 :
3734 3108 3882 3147 mon-

2280 3173 2362 3220 tes
2390 3169 2554 3235 enim,
2587 3171 2802 3238 superbi
2834 3183 2958 3228 sunt
2986 3191 3000 3240 ;
3035 3176 3243 3244 insulae,
3274 3177 3495 3246 cupidi;
3522 3179 3690 3249 juxta
3723 3182 3875 3240 illud:

2286 3253 2471 3312 Tacete
2493 3261 2840 3330 quihabitatis
2860 3267 2915 3321 in
2944 3267 3144 3333 insula,
3169 3271 3462 3341 negotiatio
3488 3271 3718 3329 Sidonis
3742 3274 3876 3347 (lsa.

2285 3364 2445 3416 χχιιι,
2478 3351 2553 3423 2).
2587 3353 2783 3426 Reges,
2839 3367 2892 3412 et
2934 3360 3227 3432 principes,
3259 3370 3313 3417 et
3352 3364 3556 3420 tribuni
3617 3371 3883 3438 mprobos

2278 3440 2584 3514 designant,
2626 3447 2778 3517 juxta
2829 3451 3148 3519 qualitatem
3182 3455 3285 3510 sui.
3320 3455 3524 3513 Divites
3570 3458 3698 3514 illos
3724 3462 3873 3527 dicit,

2277 3534 2369 3603 qui
2401 3551 2507 3590 non
2541 3537 2779 3609 indigent
2808 3541 2984 3598 alieno
3018 3544 3286 3613 adjutorio
3327 3547 3391 3601 ad
3422 3548 3630 3604 malum
3661 3569 3676 3604 :
3707 3551 3872 3608 fortes

2277 3634 2459 3680 autem
2504 3628 2572 3682 ad
2603 3630 2931 3687 miscendam
2960 3635 3278 3692 ebrietatem
3310 3655 3324 3692 :
3373 3654 3593 3694 servum
3635 3645 3872 3710 peccati,

2275 3714 2504 3772 liberum
2530 3720 2777 3789 justitizc.
2811 3723 2923 3780 Hoc
2947 3741 3137 3783 omnes
3169 3744 3276 3784 non
3304 3730 3525 3786 dubium
3563 3742 3650 3788 est
3691 3735 3872 3790 immi-

2276 3818 2439 3862 nente
2466 3810 2647 3866 futuro
2673 3813 2879 3883 judicio
2906 3821 2974 3872 ad
3001 3819 3259 3875 auxilium
3289 3821 3591 3879 dtemonum
3613 3842 3870 3893 currere,

2275 3913 2399 3956 cum
2449 3903 2717 3973 desperati
2748 3911 2815 3964 ad
2855 3911 3150 3979 quemlibet
3185 3923 3496 3972 sanctorum
3522 3934 3630 3974 non
3667 3936 3868 3991 prman-

2275 3996 2729 4054 muntaccedere.
2761 3999 2874 4055 Hoc
2907 4011 2991 4056 est
3016 4004 3160 4058 enim
3194 4019 3287 4060 eos
3317 4007 3373 4061 in
3394 4008 3672 4077 speluncis
3692 4019 3745 4065 et
3769 4027 3866 4081 pe-

2275 4083 2376 4138 tris
2409 4085 2674 4140 montium
2718 4088 2946 4144 latibula
2988 4107 3252 4162 quzcrere.
3300 4094 3404 4151 Sed
3428 4100 3707 4167 quomodo
3731 4100 3867 4155 alios

2275 4178 2343 4232 ab
2369 4179 2448 4233 ira
2483 4181 2682 4238 furoris
2715 4183 3000 4239 defendent
3030 4189 3120 4256 qui
3169 4188 3308 4244 hanc
3353 4190 3512 4259 primi
3545 4192 3867 4263 excipient?

2274 4270 2518 4343 Denique
2568 4275 2684 4332 haec
2718 4279 2898 4333 omnia
2937 4280 3101 4335 etiam
3125 4280 3279 4350 juxta
3327 4283 3565 4340 litteram
3607 4302 3869 4355 magnum

2273 4365 2614 4423 audientibus
2657 4369 2906 4426 timorem
2934 4373 3244 4442 incutiunt;
3277 4377 3370 4432 sed
3408 4394 3514 4433 non
3563 4389 3866 4449 propterea

2273 4455 2516 4526 ﬁguratae
2545 4458 2872 4518 elocutiones
2893 4463 3152 4520 violenter
3176 4466 3244 4520 ad
3265 4466 3500 4523 litteram
3525 4468 3870 4527 inﬂectendz

2273 4556 2420 4602 sunt.

2876 4639 3104 4728 CAPUT
3145 4672 3253 4727 vn.

2349 4801 2511 4856 Vsus.
2544 4801 2768 4878 1.-_—Et
2793 4813 2907 4874 post
2933 4806 3044 4860 hac
3089 4806 3194 4861 vidi
3214 4816 3443 4878 quatuor
3476 4809 3700 4881 angelos
3721 4821 3874 4868 stan-

2272 4904 2348 4949 tes
2386 4911 2542 4966 super
2589 4907 2817 4967 quatuor
2843 4898 3064 4970 angulos
3114 4912 3269 4955 terrte
3291 4942 3308 4968 ,
3364 4911 3592 4958 tenentes
3633 4916 3874 4975 quatuor

2269 4993 2446 5038 ventos
2481 4994 2656 5052 terra,
2689 5003 2758 5042 ne
2807 4987 2962 5044 ﬂaret
2991 5000 3189 5047 ventus
3229 5010 3385 5064 super
3421 5002 3643 5057 terram,
3700 5013 3874 5067 neque

2267 5090 2425 5144 super
2449 5081 2628 5140 mare,‘
2653 5092 2827 5146 neque
2849 5092 3012 5150 super
3045 5079 3210 5135 ullam
3231 5083 3491 5136 arborem.
3544 5082 3869 5141 Notandum

2262 5165 2387 5234 quia
2410 5181 2440 5220 a
2467 5167 2643 5237 primo
2689 5185 2862 5239 usque
2889 5171 2957 5226 ad
3006 5182 3218 5228 sextum
3265 5174 3500 5244 sigillum
3529 5177 3870 5246 perveniens

2262 5257 2507 5313 ordinem
2539 5261 2842 5317 custodisse
2865 5262 3100 5319 videtur.
3129 5265 3234 5320 Sed
3264 5267 3636 5335 praetermisso
3682 5269 3865 5339 septi—

2261 5363 2370 5415 mo,
2401 5351 2470 5405 ad
2490 5350 2702 5406 initium
2735 5354 3124 5412 incarnationis
3140 5356 3342 5412 Christi
3371 5359 3530 5424 redit,
3555 5370 3613 5415 et
3640 5376 3710 5416 ea
3738 5378 3868 5432 qua:

2263 5453 2550 5500 exsecutus
2599 5445 2790 5510 fuerat,
2822 5449 3041 5504 mutatis
3076 5444 3422 5521 aenigmatum
3451 5452 3642 5522 ﬁguris
3671 5455 3868 5509 brevi-

2263 5542 2348 5588 ter
2372 5536 2692 5606 recapitulat
2721 5555 2734 5592 :
2761 5547 2922 5609 atque
2952 5542 3168 5596 easdem
3197 5543 3328 5597 duas
3358 5545 3705 5600 narrationes
3736 5562 3868 5618 sep-

2259 5626 2392 5683 timo
2421 5629 2596 5699 sigillo
2616 5631 2909 5699 concludit,
2942 5649 3061 5704 quae
3091 5635 3466 5706 recapitulatio
3490 5652 3602 5693 non
3635 5654 3869 5709 semper

2258 5716 2363 5774 isto
2389 5721 2567 5787 modo,
2596 5722 2690 5777 sed
2719 5723 2948 5780 diversis
2975 5726 3052 5780 ﬁt.
3094 5725 3232 5793 Quid
3265 5728 3447 5798 itaque
3485 5744 3586 5799 per
3612 5740 3870 5800 quatuor

2257 5811 2478 5881 angelos
2515 5813 2736 5884 ﬁgurari
2761 5853 2776 5882 ,
2817 5816 2923 5871 nisi
2968 5832 3166 5888 corpus
3194 5819 3402 5890 antiqui
3444 5821 3618 5877 hostis
3650 5822 3860 5877 intelli-

2256 5902 2477 5978 gimus?
2514 5905 2743 5978 Propter
2789 5915 3020 5979 quatuor
3049 5918 3254 5983 gautem
3301 5913 3622 5986 principalia
3654 5915 3860 5974 mundi
