4088 6330
295 364 413 431 tito

1029 367 1437 436 EXEGETICA.
1475 398 1548 419 -ε
1584 366 1936 434 COMMENT.
1976 377 2043 432 1N
2080 368 2367 432 APOCAL.
2406 405 2479 416 --
2514 373 2639 429 LIB.
2675 371 2762 428 ιν.

3366 363 3506 430 1150

293 499 462 555 regna,
489 484 832 557 Assyriorum
857 485 1081 554 scilicet,
1113 488 1410 554 Medorum,
1448 489 1734 544 Persarum
1757 487 1840 542 vel
1869 496 1917 553 Α
1945 501 2268 556 quemquam
2317 495 2554 556 portare,
2599 485 2703 540 nisi
2740 483 2970 554 accipiat
2995 491 3050 540 et
3079 480 3338 551 interius;
3382 484 3510 556 quia

293 576 623 631 Macedonum
651 583 812 645 atque
863 576 1228 633 Romanorum
1253 618 1268 642 ,
1299 578 1353 632 in
1379 578 1574 646 quibus
1601 577 1844 632 diabolus

291 682 372 741 per
381 667 694 724 idololatria:
703 668 966 724 culturam
979 670 1238 739 regnavit,
1253 679 1482 740 quatuor
1493 669 1545 722 in
1567 669 1845 738 reprobam

291 767 484 830 partem
512 758 685 828 angeli
715 767 1007 828 ponuntur.
1051 758 1182 813 Hinc
1225 758 1715 813 Nabuchodonosor
1737 765 1845 812 sta-

293 859 424 905 tuam
447 849 600 915 vidit,
626 848 781 919 cujus
817 858 978 918 caput
1006 859 1124 904 erat
1153 865 1218 904 ex
1249 865 1381 904 auro
1402 889 1418 915 ,
1448 857 1634 918 pectus
1664 857 1842 900 autem

291 952 338 998 et
374 941 590 996 brachia
637 942 704 996 de
730 951 976 1010 argento,
1024 957 1184 1011 porro
1224 953 1411 997 venter
1435 951 1491 995 et
1542 940 1746 995 femora
1774 955 1838 995 ex

288 1047 404 1097 aere,
428 1032 573 1087 tibiae
600 1040 775 1086 autem
795 1031 1004 1088 ferreae.
1040 1032 1098 1086 ln
1125 1047 1259 1086 auro
1286 1033 1430 1086 enim
1475 1015 1839 1102 Assyriorum,

286 1124 335 1179 in
357 1133 579 1194 argento
607 1123 904 1188 Medorum,
949 1124 1002 1178 in
1027 1140 1132 1180 iere
1156 1123 1442 1179 Persarum
1490 1123 1572 1177 vel
1602 1122 1846 1178 Macedo-

284 1231 425 1279 num,
458 1214 512 1269 in
559 1214 704 1269 ferro
747 1213 1112 1270 Romanorum
1143 1229 1366 1284 regnum
1413 1213 1694 1283 ﬁguratur.
1727 1211 1844 1266 Non

283 1313 454 1359 autem
503 1305 701 1360 mirum
731 1320 828 1374 per
857 1305 1078 1375 angelos
1115 1303 1285 1358 malos
1328 1302 1573 1357 homines
1601 1302 1842 1373 ﬁgurari,

279 1411 397 1452 eum
422 1397 488 1452 de
515 1395 652 1452 Juda
680 1397 882 1452 dictum
911 1397 981 1451 sit
1011 1414 1024 1450 :
1059 1393 1205 1450 Unus
1231 1411 1296 1450 ea:
1323 1395 1466 1449 vobis
1503 1394 1742 1448 diabolus
1769 1405 1844 1449 est

281 1483 456 1556 (Joan.
487 1502 562 1551 vr,
597 1485 705 1556 70).
741 1485 1028 1542 Sciendum
1064 1500 1277 1556 quoque
1322 1486 1425 1540 hoc
1452 1499 1569 1540 esse
1616 1495 1846 1554 quatuor

274 1576 491 1647 angelos
538 1576 681 1646 quod
716 1587 948 1647 quatuor
990 1587 1211 1642 ventos;
1242 1576 1400 1645 juxta
1429 1575 1664 1631 Danielis
1718 1592 1845 1645 pro-

273 1669 510 1741 phetiam
541 1669 813 1724 dicentis:
853 1668 989 1724 Ecce
1030 1677 1257 1740 quatuor
1285 1671 1420 1723 venti
1464 1668 1763 1739 pugnabant
1788 1667 1845 1722 in

270 1760 405 1813 mari
432 1775 620 1829 magno
643 1776 660 1822 ;
683 1770 731 1813 et
759 1769 987 1830 quatuor
1017 1759 1190 1814 bestite
1217 1759 1593 1814 descendebant
1618 1759 1682 1814 de
1709 1758 1845 1812 mari

1944 576 2076 630 ﬁdes
2103 576 2219 630 sine
2242 576 2493 644 operibus
2516 578 2688 630 otiosa
2716 584 2819 631 est.

2013 668 2173 722 Vens.
2197 667 2398 720 4.—Et
2426 667 2601 721 audivi
2629 683 2902 722 numerum
2927 666 3269 737 signatorum,
3301 675 3508 722 centum

1942 758 2293 829 quadraginta
2329 767 2556 828 quatuor
2576 756 2743 811 millia
2770 757 2983 828 signati,
3015 773 3078 810 ea:
3106 757 3246 810 omni
3273 755 3410 810 tribu
3437 757 3510 825 [i—

1943 848 2131 902 liorum
2153 847 2342 900 Israel.
2368 846 2576 902 Finitus
2595 855 2943 902 estnunierus
2954 862 3052 916 pro
3071 845 3280 919 inﬁnito
3303 863 3432 902 :nec
3444 845 3514 902 ad

1944 939 2223 993 duodecim
2259 946 2465 992 tantum
2507 938 2679 993 tribus
2710 938 2872 992 Israel
2917 937 3148 1006 pertinet
3176 953 3191 1002 ;
3221 937 3314 992 sed
3337 937 3516 994 omnis

1944 1028 2181 1083 Ecclesia
2227 1043 2323 1097 per
2349 1029 2490 1082 hunc
2523 1028 2574 1081 in
2596 1028 2783 1083 electis
2811 1028 3139 1097 designatur.
3172 1027 3306 1081 Nam
3333 1035 3514 1082 terna-

1945 1122 2055 1176 rius
2081 1122 2132 1173 in
2161 1119 2438 1190 Scriptura
2463 1135 2617 1174 sacra
2662 1119 2930 1189 perfectus
2969 1128 3051 1174 est
3080 1133 3355 1182 numerus,
3380 1135 3517 1190 prai-

1944 1211 2130 1267 sertim
2159 1211 2283 1279 quia
2340 1209 2658 1263 Trinitatem
2687 1210 2924 1265 ostendit
2951 1224 2966 1273 ;
2995 1207 3243 1262 similiter
3282 1215 3338 1262 et
3383 1222 3517 1277 qua-

1945 1303 2211 1357 ternarius
2237 1311 2458 1373 propter
2483 1312 2715 1372 quatuor
2741 1303 2925 1357 mundi
2953 1309 3134 1372 partes
3154 1301 3240 1356 vel
3284 1309 3519 1370 quatuor

1944 1395 2231 1466 Evangelia
2277 1396 2390 1449 sive
2431 1405 2663 1465 quatuor
2720 1393 3046 1466 principales
3087 1394 3315 1448 virtutes
3362 1411 3376 1446 :
3434 1393 3522 1448 his

1943 1502 2039 1557 per
2073 1502 2129 1540 se
2177 1486 2352 1542 ductis
2390 1483 2459 1539 ad
2502 1485 2893 1540 duodenarium
2939 1484 3304 1553 pervenimus,
3345 1483 3522 1554 quiet

1945 1577 2056 1646 ipse
2099 1585 2320 1649 propter
2362 1577 2644 1633 duodecim
2693 1577 2867 1632 tribus
2908 1576 2994 1631 vel
3047 1573 3331 1630 duodecim
3389 1588 3523 1645 apo-

1945 1672 2111 1726 stolos
2137 1680 2380 1726 sacratus
2433 1680 2515 1725 est
2563 1669 2935 1724 :millenarius
2987 1676 3170 1723 autem
3203 1667 3525 1723 universita-

1947 1769 2054 1815 tem
2106 1762 2364 1832 designat,
2400 1761 2556 1831 juxta
2599 1760 2729 1815 illud
2774 1779 2786 1814 :
2844 1759 2913 1814 In
2956 1757 3097 1813 mille
3143 1759 3521 1829 generationes.

272 1851 492 1906 diversa:
542 1849 675 1904 inter
719 1867 774 1904 se
818 1850 980 1921 (Dan.
1012 1866 1112 1916 vn,
1139 1850 1218 1922 2).
1255 1851 1450 1906 Ventos
1477 1851 1621 1904 enim
1650 1858 1706 1904 et
1733 1851 1853 1904 bes-
1882 1843 1929 1904 B
1955 1850 2192 1906 Ecclesia
2239 1853 2403 1922 igitur
2447 1853 2572 1921 quia
2625 1867 2689 1906 ex
2744 1851 3011 1906 universis
3059 1852 3308 1921 gentibus
3343 1850 3526 1904 Trini-

275 1942 374 1996 tias
411 1956 579 1995 unum
610 1955 732 1997 esse
751 1941 1025 2010 designat,
1073 1941 1124 1995 id
1156 1950 1239 1995 est
1268 1951 1501 2009 quatuor
1522 1940 1744 2010 praefata
1768 1956 1851 1994 re-

270 2049 388 2106 gna.
425 2032 593 2104 lgitur
618 2049 740 2088 cum
763 2034 938 2102 angeli
957 2040 1148 2088 ventos
1195 2040 1398 2098 tenent,
1441 2035 1647 2104 seipsos
1666 2034 1852 2102 utique

275 2134 459 2181 tenent
495 2143 506 2178 :
537 2134 590 2178 et
628 2125 754 2194 quia
780 2138 968 2179 omnes
1015 2122 1385 2192 hujuscemodi
1413 2139 1610 2193 corpus
1651 2122 1852 2178 diaboli

273 2224 437 2282 sunt,
449 2227 504 2270 et
531 2216 645 2285 ipse
671 2217 723 2270 in
746 2216 825 2269 eis
853 2213 1189 2283 intelligitur.
1222 2213 1360 2279 Quid
1381 2214 1562 2282 itaque
1590 2212 1691 2266 fuit
1716 2228 1852 2282 qua-

276 2318 398 2364 tuor
416 2306 634 2375 angelos
663 2314 821 2362 terra:
845 2315 1078 2377 quatuor
1104 2313 1311 2368 ventos,
1350 2321 1418 2360 ne
1447 2305 1658 2369 flarent,
1699 2314 1851 2361 tene-

275 2400 372 2456 re?
398 2397 498 2452 nisi
545 2397 814 2453 occultum
843 2398 1214 2452 adversarium
1240 2437 1254 2462 ,
1286 2395 1508 2465 ejusque
1536 2404 1710 2450 totum
1735 2412 1854 2451 cor-

277 2504 380 2559 pus
411 2489 485 2542 ita
526 2503 585 2544 se
614 2488 768 2544 unire
807 2496 971 2558 atque
998 2488 1389 2557 constringere,
1423 2487 1496 2541 ita
1526 2503 1587 2542 os
1612 2489 1853 2542 omnium

201 2584 208 2588 '
273 2575 590 2648 praefocare,
607 2577 857 2632 utnullus
883 2578 1102 2633 auderet
1119 2586 1307 2633 contra
1333 2577 1652 2633 idololatriae
1678 2579 1854 2634 cultu-

275 2684 395 2724 ram
425 2670 648 2723 verbum
679 2669 925 2724 veritatis
969 2669 1167 2724 elllare.
1200 2668 1257 2722 ln
1289 2677 1431 2722 terra
1457 2677 1635 2722 autem
1676 2670 1853 2724 diver-

273 2762 410 2816 sitas
438 2759 835 2830 provinciarum
860 2777 875 2826 ;
906 2761 961 2815 in
986 2761 1122 2815 mari
1162 2760 1521 2814 numerositas
1545 2759 1858 2829 designatur

275 2852 600 2909 insularum.
654 2851 714 2904 In
761 2852 1048 2906 arboribus
1076 2866 1312 2920 quoque,
1343 2849 1467 2920 quia
1493 2864 1662 2920 genus
1709 2849 1856 2905 siluit

273 2945 387 3016 (Ita
427 2943 594 3014 cod.),
620 2957 720 3012 pro
752 2957 940 2998 earum
976 2943 1307 3007 diversitate,
1336 2930 1548 2996 diversa
1577 2942 1856 2996 hominum

271 3036 452 3094 ofﬁcia
493 3036 906 3106 prmsignantur.
939 3033 1044 3090 Sed
1067 3035 1192 3104 quia
1219 3049 1250 3087 a
1278 3032 1493 3088 diabolo
1521 3032 1858 3087 suﬂ‘ocaban-

271 3137 386 3194 tur,
426 3127 646 3182 Domini
673 3127 756 3182 sui
785 3128 1018 3182 adventu
1043 3125 1215 3195 erepti
1255 3133 1400 3180 stmt.
1435 3113 1585 3181 Unde
1608 3139 1732 3180 mox
1768 3139 1854 3181 se-

272 3223 467 3293 quitur
492 3239 505 3276 :

341 3310 766 3374 Vsas.‘3.—Et
793 3312 898 3368 vidi
937 3310 1179 3385 angelum
1227 3310 1450 3367 alterum
1495 3309 1858 3367 ascendentem

265 3405 338 3465 ab
372 3415 502 3464 ortu
531 3404 680 3472 solis,
707 3405 978 3459 [rubentem
1023 3405 1230 3475 signum
1273 3404 1370 3458 Dei
1393 3405 1513 3470 uiui,
1540 3414 1587 3459 et
1615 3404 1860 3458 clamavit

260 3519 398 3558 uoce
423 3513 623 3568 magna
648 3507 875 3568 quatuor
901 3496 1122 3568 angelis,
1151 3497 1336 3568 quibus
1365 3497 1546 3551 datum
1573 3507 1646 3551 est
1678 3513 1861 3551 nocere

261 3601 434 3645 terra:
457 3595 511 3642 et
541 3588 699 3653 mari,
728 3586 911 3658 (Vens.
934 3586 1012 3658 5.)
1042 3587 1218 3641 dicens
1242 3605 1260 3641 :
1291 3585 1469 3640 Nolite
1490 3603 1671 3641 nocere
1687 3596 1860 3652 terras,

256 3692 456 3748 neque
509 3677 666 3744 mari,
713 3694 873 3748 neque
914 3677 1208 3744 arboribus,
1271 3692 1550 3746 quousque
1602 3677 1862 3749 signemus

256 3787 448 3826 servos
505 3767 604 3822 Dei
653 3768 819 3824 nostri
861 3769 916 3823 in
954 3767 1209 3837 frontibus
1261 3785 1461 3822 eorum.
1516 3768 1764 3824 Christus
1783 3777 1866 3823 est

251 3863 530 3935 angelus,
579 3861 704 3930 quia
733 3876 884 3916 novae
940 3862 1065 3915 vitae
1116 3862 1309 3931 gaudia
1340 3862 1540 3915 mundo
1589 3862 1866 3914 nuntiasse

254 3952 655 4024 cognoscitur,
678 3952 744 4005 de
766 3967 874 4020 quo
897 3952 1157 4019 scriptum
1187 3960 1271 4005 est
1297 3968 1309 4002 :
1345 3950 1522 4019 Magni
1549 3951 1754 4003 consilii
1774 3966 1868 4001 an-

249 4049 420 4120 gelus
450 4041 597 4114 (lsa.
621 4057 698 4107 ix,
722 4040 776 4106 6,
811 4057 915 4094 sec.
940 4039 1133 4112 LXX).
1163 4041 1431 4096 Ascensus
1453 4050 1630 4095 autem
1656 4041 1722 4096 ab
1747 4047 1868 4095 ortu

251 4138 402 4194 solis
437 4133 542 4190 ille
564 4131 878 4201 intelligitur
907 4147 1014 4203 quo
1042 4132 1110 4186 ab
1140 4133 1254 4202 ipsa
1295 4132 1692 4187 resurrectione
1710 4171 1724 4198 ,
1750 4147 1872 4202 quae

250 4237 552 4296 tanquam
588 4237 759 4277 novus
802 4222 882 4277 sol
921 4221 1159 4285 emicuit,
1215 4229 1384 4277 totum
1415 4222 1674 4277 mundum
1724 4237 1871 4277 cres-

243 4288 449 4376 citndo
509 4314 760 4384 replevit,
813 4325 867 4371 et
897 4315 1203 4386 evangelica
1265 4314 1512 4370 doctrina
1559 4313 1887 4368 illustravit.

238 4411 357 4468 Illa
395 4408 589 4465 etiam
616 4421 745 4461 voce
770 4415 1001 4476 quatuor
1037 4405 1348 4473 angelorum
1379 4406 1595 4460 noxiam
1636 4412 1872 4475 potesta-

244 4513 370 4561 tem
404 4518 443 4557 a
478 4499 709 4554 laesione
757 4497 1049 4567 prohibuit,
1081 4508 1136 4552 et
1175 4498 1229 4550 in
1251 4497 1566 4552 auctoribus
1610 4496 1770 4551 simul
1815 4503 1870 4549 et

233 4592 560 4657 ministris
582 4588 863 4660 confregit.
891 4588 1040 4645 Unde
1063 4597 1118 4644 et
1130 4587 1620 4646 Nabuchodonosor
1640 4589 1870 4658 lapidem

235 4685 318 4742 de
353 4688 577 4739 monte
607 4680 892 4749 praecisum
924 4679 1040 4736 sine
1066 4679 1315 4735 manibus
1337 4679 1617 4749 praefatam
1637 4686 1870 4734 statuam

229 4771 632 4846 percussisse
656 4769 790 4824 vidit
817 4770 870 4823 in
898 4761 1124 4840 pedibus
1150 4769 1362 4836 ferreis,
1383 4778 1438 4826 et
1465 4771 1867 4826 comminuisse.

226 4869 356 4925 Per
408 4878 604 4935 quem
649 4861 906 4918 Dominus
959 4861 1114 4918 Jesus
1157 4862 1406 4919 Christus
1449 4863 1758 4932 designatur
1805 4861 1872 4918 de

221 4963 438 5030 stirpe
473 4953 722 5010 Iudaica
756 4954 872 5008 sine
897 4955 1130 5009 maritali
1155 4970 1318 5024 opere
1339 4961 1674 5025 procreatus,
1699 4953 1791 5023 qui
1815 4953 1871 5008 in

217 5050 509 5125 pedibus
566 5050 807 5096 statuam
845 5045 1132 5112 percussit,
1182 5051 1238 5099 et
1262 5045 1495 5110 cecidit;
1553 5045 1682 5114 quia
1727 5043 1880 5099 verbi

213 5139 515 5215 praedicat
525 5133 686 5187 tione
705 5132 1101 5188 extremitatem
1127 5133 1276 5203 regni
1299 5133 1664 5188 Romanorum
1683 5136 1875 5206 tetigit,

212 5246 284 5292 et
330 5227 620 5304 praefata
656 5224 836 5280 saeculi
867 5239 1031 5296 regna
1061 5225 1351 5280 salubriter
1376 5224 1629 5297 erigenda
1656 5239 1882 5281 conver-

215 5329 324 5384 tit.
364 5324 552 5381 Idem
590 5327 775 5372 autem
802 5317 1064 5372 mediator
1083 5316 1296 5388 signum
1323 5316 1418 5372 Dei
1444 5317 1642 5372 habere
1663 5316 1879 5382 dicitur,

206 5420 279 5475 id
312 5423 422 5473 est
455 5407 674 5468 crucis
721 5409 1057 5479 mysterium.
1089 5407 1242 5474 Quod
1290 5416 1469 5463 autem
1495 5423 1601 5463 non
1628 5409 1722 5474 ait,
1771 5407 1878 5478 sig-

207 5529 401 5577 nem,
461 5507 586 5563 sed
635 5505 919 5574 signemus,
967 5502 1202 5556 ostendit
1255 5501 1437 5570 plures
1464 5501 1519 5555 in
1547 5513 1750 5555 seesse
1783 5515 1879 5570 per

201 5619 382 5676 quos
451 5593 625 5654 illud
663 5595 976 5666 mysterium
1001 5593 1340 5663 adimpletur.
1393 5593 1627 5678 Dicendo
1673 5607 1800 5647 vero
1825 5592 1881 5646 in

198 5691 566 5768 frontibus,
639 5685 947 5740 interiorem
973 5684 1245 5749 ostendit;
1280 5699 1406 5739 nam
1455 5684 1714 5755 sanguine
1757 5685 1880 5754 agni

199 5790 592 5849 utrumque
658 5781 864 5843 postem
915 5773 1135 5829 linimus
1163 5813 1181 5842 ,
1229 5789 1330 5832 nec
1377 5776 1596 5845 prodest
1647 5775 1884 5833 exterius

709 5864 983 5931 PATROL.
1034 5866 1105 5929 C.

1885 3189 1933 3254 C

1951 1946 2078 2000 tatis
2106 1945 2295 1998 notitia
2337 1952 2688 2016 aggregatur,
2737 1951 2793 1999 et
2846 1954 3075 2012 quatuor
3113 1943 3529 2013 Evangeliorum

1951 2031 2106 2088 libris
2155 2035 2452 2105 irrigatur,
2508 2045 2654 2089 recte
2703 2034 2756 2087 in
2811 2033 3070 2088 duodenis
3114 2033 3350 2087 miUibus
3395 2031 3532 2102 ﬁgu-

1954 2135 2123 2180 ratur.
2155 2125 2262 2180 Sed
2288 2135 2348 2180 ut
2367 2127 2420 2179 in
2447 2141 2512 2181 eo
2538 2127 2679 2194 quod
2700 2126 2926 2180 credidit
2955 2126 3285 2194 perﬁciatur,
3311 2139 3534 2180 necesse

1953 2225 2038 2270 est
2081 2225 2141 2271 ut
2168 2217 2530 2273 duodenarius
2555 2218 2780 2272 millium
2820 2233 3077 2273 numerus
3107 2221 3312 2288 quadra
3349 2219 3532 2274 solidi-

1955 2316 2061 2363 tate
2099 2308 2375 2380 jungatur.
2419 2309 2696 2364 Ducantur
2743 2323 2872 2380 ergo
2917 2309 3198 2364 duodecim
3231 2309 3398 2364 millia
3435 2325 3534 2379 per

1954 2410 2202 2472 quatuor,
2235 2410 2288 2456 et
2314 2402 2667 2472 quadraginta
2693 2410 2750 2456 et
2777 2409 2898 2456 octo
2933 2401 3099 2454 millia
3127 2400 3279 2455 ﬁunt.
3314 2401 3384 2456 Ut
3405 2415 3534 2457 vero

1955 2491 2020 2544 ad
2047 2491 2096 2544 id
2126 2491 2270 2561 quod
2291 2490 2538 2556 credidit,
2577 2491 2630 2546 id
2660 2499 2743 2546 est
2770 2491 2836 2546 ad
2881 2490 3163 2545 Trinitatis
3204 2490 3535 2561 contempla-

1956 2583 2176 2648 tionem,
2228 2582 2497 2653 pertingat
2532 2623 2547 2649 ,
2578 2582 2936 2653 quadraginta
2983 2589 3040 2636 et
3067 2590 3191 2637 octo
3243 2582 3410 2637 millia
3453 2592 3536 2636 ter

1955 2671 2396 2741 multiplicentur,
2429 2678 2484 2728 et
2507 2671 2573 2729 de
2600 2687 2660 2728 se
2705 2680 2920 2726 centum
2946 2671 3300 2743 quadraginta
3323 2680 3377 2727 et
3404 2686 3538 2742 qua-

1957 2771 2078 2818 tuor
2101 2764 2266 2817 millia
2298 2764 2545 2819 reddunt.
2633 2770 2638 2772 '

2028 2856 2189 2910 Vnus.
2217 2855 2563 2925 5seq.—E:o
2610 2853 2746 2908 tribu
2789 2855 2934 2910 Iuda
2967 2855 3240 2911 duodecim
3265 2853 3432 2909 millia
3461 2854 3540 2910 εἰ·-
3601 2846 3610 2847 ί

1955 2947 2130 3018 gnati;
2145 2963 2208 3000 ex
2228 2947 2364 3000 tribu
2389 2947 2570 3001 Ruben
2592 2947 2862 3001 duodecim
2885 2948 3050 3003 millia
3073 2949 3264 3019 signati
3284 2965 3382 3014 ;ea:
3400 2947 3541 3003 tribu

1959 3033 2073 3091 Gad
2101 3037 2371 3091 duodecim
2393 3037 2560 3091 millia
2583 3037 2771 3108 signati
2798 3054 2816 3101 ;
2847 3055 2910 3092 ea:
2935 3038 3074 3092 tribu
3103 3038 3234 3092 Aser
3267 3038 3542 3092 duodecim

1959 3126 2126 3181 millia
2155 3127 2346 3198 signati
2371 3145 2393 3194 ;
2418 3144 2482 3182 ea:
2523 3127 2662 3181 tribu
2692 3127 2940 3198 Neplttali
2964 3129 3237 3182 duodecim
3274 3128 3442 3183 millia
3468 3129 3544 3183 si-

1960 3221 2105 3292 gnati
2135 3244 2149 3287 ;
2183 3238 2248 3276 es:
2275 3222 2412 3278 tribu
2446 3221 2690 3276 Manasse
2722 3221 2996 3275 duodecim
3024 3221 3192 3275 millia
3216 3222 3447 3292 signati;
3478 3237 3546 3276 ea:

1959 3311 2094 3368 tribu
2124 3311 2334 3369 Simeon
2363 3312 2635 3369 duodecim
2681 3311 2848 3367 millia
2887 3313 3078 3384 signati
3102 3330 3121 3378 ;
3145 3329 3207 3367 ea:
3252 3312 3391 3368 tribu
3420 3312 3545 3367 Levi

1960 3407 2232 3461 duodecim
2278 3406 2442 3460 millia
2469 3405 2700 3476 signati;
2729 3423 2793 3460 ea:
2831 3405 2966 3460 tribu
2998 3405 3244 3460 Issacltar
3271 3405 3546 3460 duodecim

1961 3499 2126 3553 millia
2155 3499 2347 3570 signati
2377 3515 2396 3568 ;
2427 3515 2491 3552 ea:
2519 3499 2654 3551 tribu
2690 3495 2929 3551 Zabulon
2969 3497 3241 3552 duodecim
3276 3495 3444 3550 millia
3473 3497 3549 3551 si-

1961 3590 2136 3659 gnati;
2157 3605 2221 3642 ex
2243 3571 2379 3640 tribu
2401 3587 2590 3657 Joseplt
2605 3586 2876 3641 duodecim
2889 3587 3056 3640 millia
3077 3589 3267 3658 signati
3288 3605 3307 3653 ;
3325 3604 3389 3642 ea:
3409 3585 3547 3640 tribu

1962 3679 2244 3750 Benjamin
2285 3679 2559 3733 duodecim
2600 3678 2767 3733 millia
2814 3679 3026 3749 signati.
3072 3679 3129 3733 Si
3176 3681 3244 3733 ad
3273 3680 3546 3736 beneseos

1966 3771 2248 3826 historiam
2276 3758 2622 3829 recurrimus,
2660 3769 2850 3822 horum
2895 3770 3108 3823 nomina
3129 3769 3282 3839 juxta
3309 3770 3546 3840 singulo—

1967 3879 2088 3917 rum
2109 3862 2461 3921 nativitatem,
2485 3875 2822 3928 nequaquam
2847 3860 2948 3915 hoc
2972 3862 3161 3916 ordine
3179 3862 3376 3917 inserta
3399 3863 3547 3919 inve-

1969 3953 2186 4018 nimus;
2232 3967 2357 4005 nam
2381 3949 2544 4005 Judas
2588 3951 2659 4005 ibi
2707 3961 2920 4021 quarto,
2967 3951 3056 4008 hic
3106 3954 3280 4022 primo
3326 3955 3545 4024 ponitur

1970 4042 2107 4097 loco.
2131 4041 2321 4097 Ruben
2353 4041 2424 4095 ibi
2464 4041 2656 4111 primo,
2690 4043 2776 4098 hic
2804 4044 3060 4099 secundo.
3093 4041 3204 4098 Gad
3229 4045 3300 4100 ibi
3331 4053 3543 4112 octavo,

1972 4135 2060 4190 hic
2086 4135 2264 4188 tertio.
2291 4132 2426 4187 Aser
2455 4130 2525 4187 ibi
2551 4149 2712 4199 nono,
2741 4134 2829 4188 hic
2855 4143 3068 4204 quarto.
3098 4135 3440 4205 Nephtnalim
3469 4137 3544 4191 ibi

1973 4229 2203 4298 septimo
2229 4267 2242 4293 ,
2275 4227 2363 4282 hic
2409 4226 2613 4296 quinto.
2647 4226 2920 4281 Manasses
2946 4227 3014 4281 ibi
3067 4242 3226 4291 nono,
3259 4228 3344 4282 hic
3373 4237 3546 4283 sexto.

1977 4317 2193 4373 Simeon
2240 4318 2312 4371 ibi
2343 4317 2614 4383 secundo,
2651 4317 2739 4370 hic
2784 4317 3030 4385 septimo.
3089 4316 3217 4370 Levi
3248 4317 3322 4370 ibi
3367 4317 3546 4384 tertio,

1979 4409 2065 4464 hic
2084 4418 2274 4463 octavo
2308 4407 2425 4464 loco
2475 4407 2818 4478 subrogatur.
2848 4407 3093 4463 lssachar
3122 4417 3346 4473 tantum,
3376 4397 3551 4464 Zabu-

1975 4499 2083 4565 lon,
2111 4497 2329 4569 Ioseph,
2384 4508 2545 4568 atque
2575 4499 2872 4569 Beujamin,
2911 4499 3050 4552 sicut
3080 4497 3153 4552 ibi
3183 4539 3196 4562 ,
3228 4499 3298 4552 ita
3327 4499 3416 4554 hic
3454 4514 3551 4570 po-

1977 4600 2197 4646 nuntur.
2238 4591 2350 4644 Dan
2378 4605 2508 4645 vero
2555 4592 2775 4659 quintus
2800 4586 2965 4645 Jacob
2996 4589 3137 4643 ﬁlius
3169 4589 3223 4642 in
3250 4590 3358 4652 hoc.
3394 4592 3552 4660 spirl-

1979 4682 2073 4736 tali
2103 4681 2348 4750 catalogo
2403 4681 2727 4735 omnimodis
2755 4693 2860 4732 non
2889 4679 3166 4748 recipitur.
3197 4679 3304 4735 Sed
3330 4683 3431 4737 hoc
3451 4698 3550 4736 cur

1977 4772 2178 4828 factum
2207 4773 2296 4838 sit,
2325 4772 2480 4826 facile
2503 4769 2979 4825 animadvertimus
3014 4771 3060 4824 si
3099 4786 3130 4824 a
3155 4772 3336 4826 carnis
3357 4772 3552 4826 nativi-

1977 4872 2088 4920 tate
2115 4864 2311 4920 mentis
2358 4862 2706 4918 intentionem
2759 4876 3073 4918 revocemus
3095 4903 3110 4929 ,
3140 4871 3194 4916 et
3227 4877 3347 4918 cum
3387 4862 3552 4917 inter—

1978 4955 2371 5029 pretationibus
2419 4953 2694 5008 nominum
2737 4953 3032 5022 spiritalem
3059 4954 3114 5007 in
3145 4954 3224 5008 eis
3246 4953 3550 5022 prosapiem

1982 5049 2337 5118 requiramus.
2373 5042 2538 5099 Judas
2589 5044 2768 5112 itaque
2820 5043 3089 5100 confessio
3143 5044 3547 5112 interpretatur,

1981 5137 2094 5193 sive
2120 5136 2373 5200 laudatio,
2404 5133 2554 5202 cujus
2582 5135 2817 5190 nominis
2847 5133 3232 5203 interpretatio,
3260 5134 3387 5204 quid
3407 5135 3554 5190 aliud

1981 5227 2248 5295 designat,
2271 5241 2435 5295 quam
2454 5224 2841 5281 confessionem
2868 5231 3236 5294 peccatorum,
3259 5236 3316 5280 et
3338 5225 3551 5281 laudern

1981 5315 2284 5373 virtutum?
2309 5314 2563 5382 Quamvis
2588 5311 2939 5369 confessionis
2983 5308 3300 5367 vocabulum
3321 5329 3420 5384 pro
3441 5314 3552 5368 lau-

1987 5411 2053 5465 de
2090 5408 2214 5479 poni
2259 5407 2547 5473 videatur;
2587 5407 2726 5462 unde
2765 5404 3022 5460 Dominus
3073 5406 3276 5461 nullum
3332 5408 3552 5463 omnino

1987 5501 2192 5558 habens
2210 5510 2483 5571 peccatum
2499 5500 2602 5552 ait:
2629 5497 2890 5565 Conﬁteor
2915 5497 3026 5564 tibi,
3051 5495 3233 5564 Pater,
3252 5507 3306 5554 et
3327 5500 3552 5571 reliqua.

1990 5591 2202 5664 (Matth.
2236 5606 2311 5656 χι,
2343 5589 2454 5662 25.)
2491 5589 2548 5643 In
2587 5588 2775 5642 Ruben
2819 5603 2946 5643 vero
2969 5628 2984 5654 ,
3013 5589 3105 5660 qui
3131 5589 3314 5645 videns
3358 5589 3554 5647 Filium

1987 5680 2072 5736 vel
2099 5681 2342 5736 videntes
2367 5679 2556 5735 Filium
2585 5678 2810 5744 dicitur,
2841 5679 2954 5749 ipsa
2982 5679 3240 5734 virtutum
3266 5695 3430 5752 opera
3459 5684 3555 5738 de-

1990 5774 2312 5847 signantur;
2363 5786 2502 5843 saepe
2527 5771 2671 5827 enim
2715 5770 2950 5828 ﬁliorum
2989 5771 3248 5828 vocabulo
3295 5774 3557 5831 bonorum

3087 5868 3162 5926 36
