4088 6330
567 443 701 504 “Si

1415 437 1476 495 Β.
1511 434 1574 495 r.
1617 437 1839 495 ALBiNl
1879 437 2010 495 seu
2045 429 2318 492 .thum
2357 433 2640 492 orenun
2677 413 2956 487 mus-ii.

3686 437 3713 490 Ι
3731 437 3841 493 152

566 573 789 634 operum
816 557 1022 612 fructus
1055 556 1316 626 figuratur
1339 570 1353 618 ;
1377 553 1528 624 juxta
1574 553 1743 607 illud:
1786 551 1973 606 Videas
2003 551 2140 621 ﬁlios
2171 553 2216 611 Α
2244 547 2495 613 edicitur,
2525 546 2737 620 quando
2766 546 2939 612 virtus
2965 544 3021 604 in
3051 541 3368 608 inﬁmitate
3729 550 3845 606 tta-

565 655 798 725 ﬁliorum
839 660 1047 703 tuorum
1077 645 1246 718 (Psal.
1289 657 1494 710 cxxvu,
1531 644 1615 716 6);
1661 644 1763 701 hoc
1791 649 1873 698 est
1913 645 2143 698 virtutes

566 759 637 801 ex
658 741 948 796 virtutibus
977 744 1131 792 natas
1165 755 1176 790 :
1209 746 1261 792 et
1295 735 1418 806 quia
1441 737 1702 790 virtutum
1725 751 1888 806 opera
1917 733 2142 788 aliorum

565 831 913 908 provectibus
965 825 1240 884 deservire
1274 826 1511 893 debent,
1555 833 1703 882 recte
1741 827 1929 880 videns
1977 824 2139 878 ﬁlium

566 921 882 994 appellatur.
935 917 1153 973 Scilicet
1187 925 1247 972 ut
1274 932 1337 972 ea
1383 918 1434 972 in
1478 918 1674 988 quibus
1704 933 1802 972 nos
1851 915 2144 989 profecisse

566 1014 834 1076 videmus,
877 1010 996 1065 aliis
1024 1009 1249 1064 videnda
1302 1008 1750 1074 manifestemus;
1799 1007 1952 1077 juxta
2001 1007 2146 1062 aliud

567 1105 781 1163 Domini
817 1119 832 1158 :
872 1102 938 1158 Ut
967 1103 1175 1158 videant
1221 1117 1376 1172 Opera
1404 1111 1568 1155 vestra
1597 1101 1751 1166 bona,
1781 1110 1827 1154 et
1853 1099 2145 1170 gloriﬁcent

571 1198 786 1253 Patrem
815 1205 1040 1250 vestrum
1069 1195 1157 1266 qui
1179 1195 1232 1248 in
1263 1193 1401 1248 ca'lis
1431 1203 1504 1248 est
1535 1192 1748 1266 (Matth.
1783 1209 1836 1261 v,
1870 1191 1978 1264 16).
2005 1191 2147 1247 Bene

567 1288 734 1360 igitur
749 1287 926 1356 primo
946 1282 1110 1340 ludas
1132 1285 1369 1354 ponitur.

635 1376 842 1431 Deinde
879 1373 1067 1430 Ruben
1105 1373 1388 1439 succedit;
1429 1373 1556 1442 quia
1592 1371 1693 1428 nisi
1731 1385 1830 1443 per
1861 1368 2150 1426 confessio-

569 1483 693 1522 nem
718 1467 1086 1522 renuntiemus
1107 1465 1315 1520 actibus
1341 1463 1497 1519 malis
1517 1506 1531 1529 ,
1553 1479 1660 1518 non
1685 1462 2037 1518 informamur
2067 1476 2152 1516 re-

568 1560 671 1612 ctis
697 1566 752 1612 et
777 1555 1003 1628 placitis.
1031 1553 1162 1623 Quis
1190 1555 1367 1626 itaque
1391 1555 1505 1624 jam
1535 1572 1639 1611 non
1670 1554 1848 1608 videat
1877 1553 2019 1623 quod
2047 1551 2091 1607 si
2119 1563 2150 1605 a

567 1651 926 1720 primogenita
952 1649 1130 1704 Carnis
1155 1647 1457 1705 inchoasset
1479 1689 1493 1713 ,
1520 1655 1574 1702 et
1599 1656 1790 1717 quarto
1817 1645 1935 1701 loco
1961 1641 2152 1699 Judam

566 1743 834 1813 posuisset
852 1783 865 1806 ,
888 1741 1182 1811 spiritalem
1212 1739 1464 1795 Ecclesiae
1488 1741 1791 1816 prosapiem
1817 1741 2001 1809 utique
2027 1753 2154 1792 con-

567 1831 837 1888 fudisset?
863 1833 1061 1889 Verum
1091 1834 1215 1902 quia
1257 1833 1393 1887 bene
1421 1839 1710 1901 operantes
1739 1841 1953 1898 semper
1981 1837 2155 1884 tenta—

572 1925 652 1980 tio
689 1924 827 1978 solet
864 1897 1128 1993 probare,
1153 1921 1274 1991 jure
1302 1931 1422 1992 post
1451 1897 1640 1974 ituben
1670 1919 1782 1974 Gad
1801 1961 1814 1984 ,
1845 1897 1897 1973 id
1926 1925 2008 1973 est
2039 1929 2155 1973 ten-
2183 1897 2232 1960 Β

574 2016 711 2070 talio
756 2015 1097 2087 subrogatur.
1154 2013 1222 2068 Et
1270 2014 1395 2084 quia
1443 2021 1632 2067 contra
1682 2011 1925 2067 eamdem
1974 2011 2153 2066 divina

571 2109 776 2164 virtute
815 2107 1089 2179 praecincti
1121 2105 1286 2160 fortes
1311 2105 1584 2168 existunt,
1625 2113 1770 2159 recte
1799 2107 1877 2158 eis
1904 2103 2156 2159 convenit

571 2201 714 2270 quod
756 2201 896 2255 idem
928 2198 1046 2254 Gad
1074 2199 1236 2253 etiam
1266 2197 1539 2252 accinctus
1566 2204 1813 2251 vocatur.
1857 2194 1992 2262 Quia
2024 2209 2153 2251 vero

570 2293 837 2347 bonorum
865 2293 1222 2346 certaminum
1250 2288 1407 2343 tinem
1435 2289 1502 2341 ad
1530 2287 1699 2342 Deum
1731 2304 1836 2341 non
1868 2287 1930 2341 ad
1959 2285 2152 2342 faciem

573 2385 824 2440 humanm
850 2384 1023 2438 laudis
1053 2391 1364 2452 retorquere
1402 2381 1692 2445 debemus,
1721 2381 1789 2434 ob
1817 2381 1918 2434 hoc
1954 2381 2150 2452 prmdi-

571 2487 698 2534 etus
721 2476 836 2532 Gad
866 2475 1198 2530 latrunculus
1224 2482 1467 2538 vocatur,
1500 2481 1754 2544 tanquam
1795 2471 1935 2528 bona
1975 2472 2154 2528 cordis

575 2569 810 2625 latenter
836 2569 1123 2639 acquirens
1146 2567 1258 2622 Deo
1281 2565 1473 2622 oil‘crat
1495 2566 1838 2638 approbanda
1860 2606 1876 2634 ,
1914 2577 2018 2622 n0n
2053 2566 2153 2620 hu-

575 2663 750 2716 manis
770 2659 1047 2716 obtutibus
1065 2659 1279 2730 detegat
1299 2657 1645 2732 pnefcrenda.
1664 2657 1831 2731 igitur
1857 2659 1982 2729 quia
2008 2659 2152 2714 illata

571 2751 853 2808 tribulatio
880 2752 1080 2807 electos
1119 2751 1343 2822 probat,
1373 2760 1427 2806 et
1456 2759 1577 2822 post
1605 2751 1976 2823 probationem
2008 2765 2154 2805 coro-

573 2855 689 2909 nat,
708 2855 853 2901 recte
880 2856 1000 2917 post
1017 2844 1130 2899 Gad
1155 2844 1290 2900 Aser
1314 2843 1657 2915 ponitur,qui
1687 2843 1880 2898 beatus
1905 2852 2149 2898 vocatur.

570 2936 639 2992 Et
667 2938 789 3008 quia
833 2936 1181 2992 beatitudinis
1218 2935 1572 3006 promissione
1599 2937 1839 2992 roborati
1866 2937 2153 2992 bellatores

570 3029 856 3095 Ecciusire,
905 3030 1045 3084 inter
1092 3030 1236 3101 ipsos
1285 3028 1456 3082 malos
1507 3017 1807 3082 dilatantur
1854 3028 2152 3088 visceribus

573 3123 888 3190 cbarltatis,
929 3126 1063 3180 bene
1101 3133 1220 3196 post
1258 3123 1393 3180 Aser
1418 3123 1761 3196 Nephtbalim
1794 3125 2029 3198 ponitur,
2059 3125 2151 3195 qui

573 3215 800 3272 latitudo
843 3224 1087 3271 vocatur.
1138 3213 1271 3282 Quia
1316 3227 1411 3286 per
1455 3217 1555 3271 hoc
1601 3216 1988 3286 amplissimum
2020 3217 2152 3274 dile-

573 3307 768 3362 ctionis
794 3317 1116 3378 przeceptum
1145 3316 1424 3362 currentes
1442 3349 1456 3376 ,
1484 3317 1540 3362 et
1563 3323 1625 3362 ea
1669 3324 1787 3380 qua:
1834 3319 1978 3364 retro
2022 3317 2149 3364 sunt

574 3397 982 3461 obliviscuntur,
1019 3404 1072 3450 et
1106 3398 1172 3451 ad
1214 3407 1446 3452 aeternas
1476 3397 1691 3454 divitias
1715 3439 1728 3465 ,
1760 3416 1878 3472 quae
1907 3409 2148 3456 ventura:

580 3496 738 3552 sunt,
767 3488 1169 3553 extenduntur;
1211 3485 1372 3560 digne
1403 3497 1524 3558 post
1560 3487 1902 3558 Nephtbalim
1937 3491 2148 3548 Manas-

576 3589 664 3631 ses
693 3577 1053 3642 interseritur,
1086 3579 1178 3648 qui
1204 3578 1401 3633 oblitus
1430 3577 1516 3633 vel
1556 3579 1854 3636 necessitas
1898 3583 2149 3652 intelligi-

577 3678 707 3722 tur:
741 3667 941 3722 oblitus
1003 3670 1242 3733 scilicet,
1291 3670 1414 3739 quia
1458 3686 1623 3724 unum
1666 3671 1809 3744 quod
1849 3680 1992 3726 retro
2034 3671 2151 3728 fue-

580 3767 695 3824 rat,
747 3757 988 3823 dimisit;
1044 3761 1337 3815 necessitas
1386 3777 1548 3828 vero,
1598 3763 1722 3832 quia
1769 3763 1835 3816 ad
1872 3763 1973 3817 hoc
2007 3764 2148 3833 quod

576 3851 906 3916 extenditur,
950 3852 1186 3906 nondum
1229 3854 1490 3923 pervenit.
1540 3854 1778 3922 Quorum
1823 3855 2148 3912 desiderium

581 3945 705 4014 quia
737 3960 878 4014 szrpe
908 3944 959 3998 in
988 3943 1204 4017 longum
1237 3946 1502 4014 differtur,
1523 3949 1645 4020 jure
1686 3959 1805 4021 post
1847 3950 2148 4010 Manassetn

579 4035 877 4092 coiiucatnr
905 4033 1122 4092 Simeon
1141 4079 1155 4104 ,
1184 4036 1274 4108 qui
1304 4037 1481 4094 audivi
1514 4039 1790 4096 tristitiam
1832 4042 2150 4114 interpreta-

584 4136 690 4181 tur.
723 4125 829 4182 Sed
858 4129 949 4196 qui
979 4129 1200 4184 audiunt
1232 4129 1539 4196 tristitiam,
1573 4133 1795 4188 audiant
1817 4148 2037 4190 necesse
2067 4143 2152 4190 est

582 4229 636 4274 et
667 4235 861 4276 nomen
893 4222 1220 4288 habitaculi,
1253 4223 1394 4294 quod
1425 4223 1566 4278 idem
1604 4223 1821 4280 Simeon
1850 4239 2043 4281 sonare
2071 4226 2150 4280 vi-

581 4313 774 4376 detur;
807 4320 865 4366 ut
892 4313 981 4382 qui
1013 4323 1243 4369 maerent
1281 4314 1332 4368 in
1377 4314 1722 4370 tabernaculo
1747 4317 2106 4390 corruptionis
2132 4358 2148 4386 ,

579 4406 846 4477 gaudeant
874 4408 925 4459 in
959 4406 1262 4462 babitaculo
1290 4415 1503 4462 :eterna:
1531 4408 1744 4477 quietis.

651 4495 846 4562 Quales
873 4506 1053 4550 autem
1081 4511 1268 4550 omnes
1297 4497 1384 4550 isti
1412 4497 1520 4551 sint
1540 4538 1552 4562 ,
1580 4498 1705 4552 Levi
1732 4499 2045 4568 subjunctus
2072 4501 2150 4556 in-

2245 658 2346 716 que
2377 642 2501 712 quia
2543 656 2649 694 non
2693 636 2866 693 solum
2905 637 3054 705 pacis
3094 644 3334 705 tempore
3371 637 3596 703 amicis,
3635 653 3843 698 mm

2243 736 2405 790 etiam
2459 733 2512 788 in
2563 732 2677 802 ipsa
2728 729 3100 800 persecutione
3151 727 3413 788 talentum
3465 729 3634 785 divini
3683 729 3847 787 verbi

2243 826 2414 898 gratis
2441 831 2665 897 erogant
2714 821 2968 886 inimicis,
3014 828 3139 890 apte
3179 828 3305 894 post
3347 819 3587 878 labulon
3631 820 3845 892 Ιοκμι

2247 917 2572 980 adnectitur,
2615 914 2706 983 qui
2747 920 3093 984 augmentum
3133 910 3541 981 interpretatur.
3590 910 3664 967 Ut
3694 912 3846 967 enim

2246 1011 2312 1066 de
2354 1017 2573 1079 accepta
2616 1006 2845 1076 pecunia
2887 1004 3095 1058 lucrum
3140 1002 3410 1068 referant,
3438 1019 3540 1057 nec
3571 1003 3716 1073 ipsis
3745 1005 3848 1058 ini-

2246 1101 2402 1157 micis
2431 1103 2572 1157 banc
2598 1113 2824 1170 erogare
2853 1095 3120 1160 dubitant.
3151 1095 3318 1164 Igitur
3343 1104 3404 1148 ut
3431 1095 3532 1150 hos
3560 1110 3762 1150 omnes
3791 1096 3847 1152 in

2248 1194 2469 1250 dextera
2492 1192 2635 1262 regis
2647 1189 2839 1246 aeterni
2861 1187 3118 1244 iocantes
3140 1185 3430 1256 intelligas,
3449 1187 3678 1254 pulchre
3702 1187 3845 1242 Ben-

2241 1283 2446 1356 jamin,
2485 1284 2538 1338 id
2580 1289 2665 1340 est
2706 1281 2848 1340 filius
2891 1280 3159 1348 dextere,
3189 1287 3464 1350 posu'eno
3491 1279 3610 1334 loco
3647 1281 3847 1334 mbra-

2247 1385 2427 1448 gatur,
2455 1384 2709 1444 tanquam
2735 1371 2849 1442 ipse
2876 1370 2946 1426 sit
2969 1370 3094 1426 linis
3117 1370 3348 1435 ordinis,
3382 1370 3437 1424 ἂι
3468 1381 3579 1439 quo
3607 1370 3847 1428 felicitas

2249 1467 2582 1540 promittitur
2600 1474 2816 1520 aaterna:
2837 1462 3122 1528 mercedis.
3367 1509 3372 1513 .

2335 1557 2532 1616 Sancta
2579 1571 2708 1626 ergo
2758 1553 3000 1622 Ecclesia
3050 1551 3390 1610 confessione
3440 1554 3742 1614 laudabilis
3791 1558 3843 1613 in

2253 1653 2410 1714 Juda.
2460 1653 2520 1709 lu
2567 1651 2757 1710 Ruben
2808 1649 2912 1720 piis
2960 1649 3213 1718 operibus
3259 1649 3430 1705 claret
3481 1648 3733 1705 fecunda.
3786 1651 3842 1707 in

2253 1745 2372 1802 Gad
2415 1743 2774 1802 tentationum
2818 1741 3091 1800 exercitiis
3137 1739 3382 1810 probata.
3426 1740 3486 1796 in
3535 1741 3676 1798 Aser
3724 1751 3842 1813 post

2259 1838 2499 1894 devictas
2530 1835 2852 1896 tentatioues
2885 1834 3059 1890 beata.
3095 1831 3153 1886 in
3182 1831 3527 1902 Nephtbalim
3555 1835 3842 1890 charitatis

2256 1945 2440 1986 amore
2492 1928 2734 1986 dilatata.
2802 1926 2860 1981 ln
2909 1925 3154 1982 Hanasse
3205 1939 3270 1979 ea
3324 1940 3446 1995 quae
3509 1937 3658 1982 retro
3715 1937 3841 1983 sunt

2254 2021 2419 2078 oblita
2437 2061 2453 2086 ,
2483 2019 2551 2076 ad
2575 2035 2641 2075 ea
2670 2033 2800 2078 vero
2828 2031 2948 2087 qam
2975 2024 3200 2071 ventura
3232 2026 3361 2072 sunt
3389 2025 3623 2072 extenta.
3658 2017 3715 2072 in
3752 2018 3839 2072 Si-

2253 2128 2410 2174 meon
2439 2111 2594 2182 quasi
2622 2111 2791 2172 tristis
2817 2110 2996 2170 adhuc
3021 2110 3076 2164 in
3103 2109 3346 2166 convalle
3368 2109 3696 2181 plorationis,
3730 2120 3828 2167 seu

2255 2221 2349 2276 spe
2381 2205 2620 2276 gaudens
2653 2203 2721 2259 de
2753 2217 3112 2273 supernom-
3145 2202 3345 2257 eivium
3385 2203 3713 2258 habitaculis.
3761 2203 3831 2259 in

2257 2295 2386 2358 Levi
2428 2294 2739 2365 virginitate
2777 2293 2971 2350 decora
2991 2333 3005 2357 ,
3035 2291 3406 2350 misericordia
3434 2293 3651 2362 pietatis
3681 2295 3846 2348 uber-

2256 2388 2412 2442 rima.
2439 2386 2496 2445 in
2524 2385 2769 2440 lssachar
2797 2383 2991 2442 futurae
3003 2384 3272 2440 mercedis
3290 2385 3698 2453 exspectatione
3723 2401 3845 2439 sus-

2255 2493 2440 2548 pensa.
2492 2477 2551 2534 In
2597 2476 2837 2531 Zabulon
2885 2477 3151 2548 martyrio
3193 2485 3474 2532 coronata.
3542 2476 3604 2530 in
3654 2473 3849 2546 Ioseph

2255 2571 2528 2641 duplicato
2549 2568 2804 2640 spiritalis
2833 2568 3148 2624 substantia:
3177 2568 3384 2623 talento
3412 2569 3605 2622 ditata.
3627 2567 3686 2621 in
3717 2568 3853 2621 Ben-

2246 2659 2419 2729 jamin
2481 2661 2754 2718 dexteram
2829 2658 3106 2714 felicitatis
3178 2669 3396 2716 nterea:
3461 2660 3853 2728 comprobatur

2258 2755 2474 2810 sortita.
2516 2753 2634 2808 Non
2666 2761 2846 2810 autem
2875 2752 3143 2823 quispiam
3184 2751 3466 2808 duodecim
3509 2753 3565 2806 in
3611 2752 3852 2807 Ecclesia

2253 2846 2614 2918 professiones
2652 2845 2912 2910 aestimet,
2953 2861 3077 2899 eum
3109 2854 3218 2899 tres
3249 2851 3458 2899 tantum
3489 2846 3636 2908 sint,
3681 2844 3736 2898 id
3775 2850 3855 2899 est

2253 2939 2542 3010 virginum.
2573 2937 2992 3002 continentiam,
3023 2950 3088 2991 ae
3118 2935 3383 2990 bonorum
3411 2935 3852 3022 eonjugatorum.

2254 3036 2503 3092 virtutes.
2531 3033 2676 3089 inter
2700 3032 2815 3086 hac
2842 3038 3020 3085 autem
3045 3039 3383 3100 nequaquam
3409 3029 3855 3100 praetereundum

2254 3134 2368 3190 est,
2398 3141 2495 3182 ear
2523 3125 2636 3180 Dan
2665 3123 2832 3180 Iacob
2864 3122 3049 3193 utique
3076 3121 3216 3176 illius
3240 3121 3354 3177 sive
3383 3119 3438 3176 in
3469 3119 3676 3176 Genesi
3696 3163 3710 3184 ,
3745 3121 3857 3175 sive

2253 3217 2307 3272 in
2351 3217 2570 3281 Exodo,
2611 3231 2733 3270 cum
2783 3215 2994 3269 cunctis
3041 3212 3298 3267 fratribus
3339 3223 3755 3276 annumenetur,
3795 3211 3850 3266 in

2255 3311 2358 3366 bac
2397 3309 2712 3380 Apocalypsi
2755 3309 2821 3363 de
2859 3306 3101 3378 catalogo
3144 3305 3372 3375 spiritali
3400 3306 3568 3360 fuerit
3602 3306 3847 3375 eiectus;

2255 3403 2530 3462 Manasses
2572 3412 2701 3457 vero
2744 3402 2885 3455 inter
2931 3399 3255 3469 alienigenas
3298 3405 3490 3460 nanis,
3524 3398 3719 3467 utique
3747 3413 3857 3454 non

2256 3494 2432 3560 ﬁlius,
2462 3505 2774 3563 quanquam
2797 3492 2851 3546 in
2881 3490 3050 3546 tilium
3075 3491 3380 3560 adoptatus,
3409 3497 3570 3544 sexto
3599 3491 3855 3545 videatur

2255 3585 2374 3641 loco
2403 3585 2744 3654 subrogatus.
2795 3574 2920 3636 Dan'
2943 3582 3105 3653 igitur
3133 3581 3523 3652 interpretatur
3541 3581 3815 3651 judicium
3834 3623 3853 3649 ,

2256 3679 2368 3734 sive
2390 3675 2640 3744 judicans
2667 3674 3012 3730 Hebraeorum
3043 3673 3454 3728 transeuntium.
3489 3663 3556 3727 Et
3583 3672 3724 3743 quid
3766 3681 3853 3728 est

2256 3768 2362 3824 hoc
2379 3765 2641 3835 judicium
2683 3765 3075 3820 transeuntium
3119 3763 3486 3826 Hebraeorum,
3526 3753 3638 3817 nisi
3667 3767 3854 3834 repro.

2254 3858 2402 3914 batio
2442 3857 2640 3912 veteris
2679 3857 3006 3912 sacerdotii?
3051 3855 3164 3909 Dan
3199 3870 3332 3926 ergo
3371 3857 3437 3910 de
3476 3855 3718 3925 spiritali
3762 3871 3853 3912 ca-

2256 3953 2434 4026 talogo
2470 3953 2693 4025 ejectus,
2723 3953 2837 4024 ipsa
2878 3951 3108 4009 nominis
3147 3952 3228 4008 sui
3259 3953 3722 4023 interpretatione
3758 3951 3853 4007 do-

2257 4056 2375 4114 cet,
2426 4047 2552 4116 quia
2597 4047 2652 4102 in
2696 4054 2851 4101 sexta
2895 4045 3082 4100 mundi
3130 4051 3289 4100 aetate
3330 4047 3541 4102 neeulto
3588 4048 3847 4118 (Ibidem,

2255 4139 2350 4194 sed
2391 4137 2542 4207 justo
2583 4138 2826 4207 judicio,
2891 4137 3112 4193 lumica
3164 4139 3314 4208 plebs
3360 4128 3561 4209 perfida
3620 4139 3851 4210 prorsus

2255 4228 2473 4285 sedibus
2509 4228 2731 4299 expulsa
2771 4227 3056 4283 sacerdotii
3096 4230 3409 4300 dignitatem
3445 4230 3727 4299 perdidit;
3770 4240 3852 4285 at-

2257 4333 2361 4390 que
2399 4319 2454 4376 in
2488 4318 2606 4388 Cius
2639 4320 2755 4375 loco
2786 4319 3090 4384 Manassen,
3122 4321 3173 4374 id
3200 4329 3283 4375 est
3311 4322 3548 4392 gentium
3577 4323 3850 4393 populus,

2257 4427 2357 4482 per
2380 4412 2610 4482 gratiam
2638 4413 2835 4466 meruit
2863 4412 3165 4484 subrogari.

2329 4505 2492 4559 Vens.
2532 4505 2590 4560 9.
2617 4529 2688 4544 -α-
2717 4502 2845 4558 Post
2873 4505 2984 4559 hinc
3013 4506 3115 4559 vidi
3145 4497 3350 4559 tati-eant
3377 4507 3654 4577 mgnum,
3685 4524 3853 4576 quam

579 4587 758 4650 dicat,
787 4587 877 4655 qui
909 4585 1121 4640 additus
1149 4593 1321 4639 sonat.
1354 4583 1515 4640 Multa
1545 4587 1686 4641 enim
1718 4587 1852 4642 tales
1880 4591 2152 4660 generalia
2185 4617 2234 4681 Ι)
2260 4595 2595 4651 dinumerare
2634 4609 2786 4650 mmo
2825 4592 3060 4667 poterat,
3091 4609 3156 4651 ea:
3196 4597 3435 4650 enini“:
3473 4589 3717 4667 gentibus
3738 4641 3755 4663 ,
3799 4607 3853 4652 et

579 4677 1022 4732 transcendentes
1050 4686 1313 4748 praecepta
1336 4719 1351 4746 ,
1382 4677 1583 4733 addunt
1607 4694 1709 4734 non
1735 4680 1886 4752 jussa
1913 4722 1928 4748 ,
1970 4692 2030 4738 ut
2070 4692 2154 4740 est

493 4773 496 4776 ί
581 4766 854 4822 (animatus
885 4774 1083 4822 sancte
1120 4768 1442 4838 virginitatis
1463 4809 1478 4834 ,
1506 4778 1559 4823 et
1583 4779 1778 4824 caetera
1805 4769 2106 4839 bujusmodi
2131 4792 2147 4842 ;

579 4874 698 4927 qua!
728 4859 852 4913 dum
885 4865 989 4912 non
1012 4857 1287 4928 jubentur,
1315 4861 1408 4916 sed
1438 4861 1814 4928 admonentur,
1836 4865 2019 4934 utique
2044 4881 2151 4922 non

573 4947 720 5018 jussa
753 4948 975 5002 consilio
1014 4951 1466 5020 superadduntur.
1511 4950 1713 5016 Quibus
1741 4951 1865 5021 jure
1907 4958 2156 5027 congruit

580 5040 721 5108 quod
747 5039 989 5094 lssachar
1014 5051 1133 5111 post
1153 5039 1282 5095 Levi
1309 5041 1630 5109 adnectitur,
1657 5045 1747 5114 qui
1774 5046 2157 5116 interpretatus

583 5129 784 5184 dicitur
824 5145 1033 5186 merces
1082 5147 1098 5185 :
1147 5147 1271 5185 nam
1314 5131 1416 5185 ista
1460 5135 1741 5214 agentibus
1792 5138 2060 5209 praecipua
2102 5147 2159 5196 et

578 5221 829 5291 specialis
857 5236 1068 5277 meroes
1097 5222 1337 5276 debetur.
1373 5217 1524 5279 Unde
1551 5227 1760 5281 cuidam
1788 5243 1976 5285 eorum
2003 5230 2155 5290 Jere-

576 5312 716 5368 mias
745 5313 914 5369 dicit:
945 5311 1189 5378 Quiescat
1221 5325 1319 5369 vos:
1361 5323 1451 5368 tua
1480 5332 1512 5368 a
1543 5315 1782 5387 ploratu,
1813 5331 1863 5374 et
1901 5324 2038 5380 oculi
2077 5327 2157 5382 tui

577 5424 612 5461 a
641 5407 921 5480 lacrymia,
952 5405 1075 5479 quia
1103 5416 1177 5461 est
1216 5424 1408 5464 merces
1449 5409 1590 5481 operi
1629 5420 1718 5465 tuo
1739 5453 1753 5477 ,
1793 5414 1866 5468 ait
1902 5415 2157 5474 Dominus

577 5497 815 5569 (Jerem.
857 5517 985 5554 xxxi
1010 5541 1024 5566 ,
1063 5498 1190 5580 ili).
1234 5500 1339 5557 Sed
1382 5502 1506 5557 talia
1548 5501 1808 5560 facientes
1846 5508 2156 5579 priusquam

583 5598 1000 5644 remunerentur
1041 5591 1217 5645 solent
1258 5591 1416 5646 illata:
1454 5595 1859 5663 persecutiones
1895 5600 2157 5668 probare,

582 5693 690 5732 non
736 5688 916 5734 autem
956 5695 1231 5752 superare.
1277 5682 1428 5764 [inde
1466 5702 1570 5739 ηοη
1608 5685 1883 5741 immerito
1921 5688 2160 5748 Zabulon

582 5778 707 5841 post
730 5771 976 5828 lssachar
1003 5775 1268 5843 sequitur,
1299 5776 1389 5844 qui
1420 5776 1786 5834 habitaculum
1825 5778 2160 5839 fortitudinis

579 5862 913 5935 appellatur;
949 5873 1074 5920 tunc
1109 5867 1252 5921 enim
1293 5867 1517 5936 quilibet
1557 5870 1749 5926 horum
1791 5871 2157 5933 habitaculum

2257 4687 2524 4753 tribubus,
2555 4697 2604 4742 et
2633 4688 2872 4760 populis,
2899 4698 2948 4741 et
2975 4687 3188 4758 linguis.
3232 4687 3333 4743 ilic
3368 4687 3567 4758 liquido
3614 4690 3855 4746 manife-

2257 4788 2434 4836 statur
2467 4780 2598 4850 quia
2634 4782 2923 4850 prnuﬁctns'
2946 4781 3200 4835 numerus
3229 4793 3333 4836 nor.
3374 4780 3715 4836 solummOdo
3757 4769 3858 4837 Iu-

2257 4871 2494 4930 dmorum
2529 4880 2644 4936 est,
2683 4873 2777 4926 sed
2813 4873 3052 4927 omnium
3087 4861 3403 4926 electorum.
3446 4865 3511 4926 Hi
3547 4871 3696 4926 enim
3749 4889 3857 4944 per

2258 4965 2710 5020 innbmera'hilem
2758 4965 3004 5026 turbam,
3057 4965 3147 5034 qui
3195 4966 3293 5034 per
3341 4961 3551 5020 centum
3599 4961 3853 5034 quadra.

2256 5059 2401 5129 ginta
2430 5057 2663 5128 quatuor
2693 5053 2857 5113 milii
2889 5057 3128 5127 signatos
3156 5056 3486 5129 designatur.
3516 5057 3854 5114 innumera-

2258 5147 2384 5202 bilia
2409 5155 2592 5202 autem
2616 5149 2736 5203 imo
2759 5141 2920 5204 turba
2948 5154 3054 5203 non
3084 5145 3194 5202 Ben
3215 5188 3229 5213 ,
3262 5143 3358 5203 sed
3384 5147 3536 5203 nobis
3560 5155 3668 5203 est.
3701 5145 3854 5205 Nam

2259 5237 2373 5306 ipse
2409 5239 2525 5292 ait:
2568 5237 2924 5294 Mra“
2973 5248 3094 5309 cer,
3130 5243 3182 5298 ei
3213 5253 3368 5315 super
3403 5259 3616 5299 arenam
3655 5247 3852 5302 multi-

2259 5327 2596 5400 pliraioﬁtur
2619 5330 2636 5400 (
2662 5325 2810 5383 Plui.
2843 5327 3084 5388 ΗΠθίιὶ
3103 5375 3116 5397 ,
3153 5327 3220 5390 18
3239 5333 3278 5406 γ.
3313 5329 3523 5392 Stante:
3551 5347 3675 5392 ante
3705 5340 3858 5394 mo-

2260 5429 2405 5475 num‘.
2457 5420 2589 5478 Ctim
2637 5422 2757 5493 ipsa
2801 5419 3207 5482 innumerabilis
3258 5421 3414 5481 turba
3462 5429 3692 5483 thronus
3745 5431 3853 5486 Dei

2261 5511 2358 5573 sit,
2419 5512 2624 5567 idcirco
2679 5515 2864 5567 tmen
2921 5517 3050 5570 ante
3103 5517 3358 5572 thronum
3420 5517 3561 5572 stare
3622 5521 3854 5588 dicitur,

2261 5604 2382 5671 quia
2418 5604 2556 5658 visio
2594 5605 2778 5674 ﬁguris
2815 5608 3134 5662 obumbrata
3171 5610 3430 5676 variatur,
3478 5627 3603 5666 cum
3658 5622 3856 5671 tamen

2261 5711 2348 5751 res
2385 5696 2574 5767 figuris
2609 5708 2824 5753 osnnsa
2859 5702 3194 5771 nequaquam
3242 5701 3500 5758 varietur.
3549 5703 3658 5760 Sed
3705 5723 3858 5761 nun-

2259 5785 2389 5855 quid
2418 5787 2621 5856 aliquid
2650 5788 2919 5859 significat
2947 5792 3096 5861 quod
3120 5793 3232 5847 time
3261 5793 3418 5848 turba
3451 5799 3594 5849 Stare
3622 5793 3854 5862 dicitur,

2261 5891 2386 5932 cum
2420 5878 2666 5949 superius
2703 5895 2800 5952 per
2837 5882 3121 5938 circuitum
3154 5882 3333 5940 throni
3368 5901 3490 5941 cum
3527 5887 3858 5958 senioribus

2561 5998 2588 6010 ἢ
