4088 6330
614 389 754 456 uss

1491 388 1551 448 B.
1591 393 1654 448 F.
1695 390 1920 448 ALBINI
1959 387 2090 446 SEU
2129 379 2403 441 ALCUINI
2436 377 2720 438 OPERUM
2756 376 2936 434 PARS
2968 371 3032 431 ll.

3730 377 3879 433 H36

612 515 802 592 gentia:
830 520 1020 581 erunt,
1047 527 1172 570 cum
1197 513 1262 570 de
1288 510 1478 569 exsilio
1536 515 1603 569 ad
1650 514 1881 584 patriam
1910 510 2182 567 redierint.
2217 509 2266 568 Α
2288 500 2461 557 ollicio
2502 497 2712 568 capitis.
2757 493 2910 563 Quod
2946 508 3076 592 vero
3117 504 3280 592 super
3319 489 3752 592 altare-aureum
3793 492 3882 546 in.

1204 647 1428 704 CAPUT
1464 648 1594 702 Vlll.

686 763 850 820 Vens.
890 762 940 815 l.
969 759 1124 812 ——Et
1161 775 1279 813 cum
1315 759 1601 832 aperuisset
1642 756 1870 828 sigillum
1895 754 2191 824 septimum,

618 857 814 927 factum
845 864 921 909 est
947 855 1209 908 silentium
1252 854 1307 907 in
1343 852 1468 906 caelo
1505 851 1657 923 quasi
1695 849 2043 912 mediahora.
2074 845 2195 901 Cm-

619 947 729 1002 lum
751 988 766 1011 ,
801 955 858 1000 ut
887 946 1199 1016 frequenter
1225 945 1490 1008 diximus,
1533 943 1772 998 Ecclesia
1801 950 2043 1003 vocatur,
2075 954 2196 1008 qua:

620 1039 747 1092 dum
776 1052 807 1091 a
836 1037 1138 1105 frequentia
1179 1050 1360 1090 rerum
1397 1035 1758 1105 corporalium
1806 1049 1902 1104 per
1948 1031 2196 1102 quaedam

619 1131 861 1184 membra
888 1146 984 1184 sua
1013 1144 1286 1183 secessum
1311 1129 1512 1182 intima:
1537 1126 2003 1196 contemplationis
2028 1124 2194 1194 petit,

619 1223 773 1292 quasi
812 1223 1085 1278 silentium
1124 1223 1234 1277 Deo
1274 1230 1464 1291 parat;
1507 1223 1648 1292 quod
1689 1222 1813 1290 quia
1857 1222 1909 1275 in
1947 1221 2049 1274 hac
2087 1219 2198 1273 vita

621 1334 727 1374 non
756 1327 933 1387 potest
960 1332 1078 1373 esse
1100 1316 1398 1389 perfectum
1415 1357 1428 1379 ,
1459 1317 1610 1386 quasi
1641 1316 1816 1370 media
1842 1315 1976 1369 hora
2002 1313 2200 1367 dicitur

620 1409 843 1466 factum.
876 1410 942 1464 Et
971 1419 1094 1463 nota
1122 1409 1245 1478 quia
1278 1410 1351 1463 ibi
1380 1408 1877 1478 recapitulationem
1907 1405 2079 1459 ﬁnivit
2108 1404 2198 1458 ubi

621 1504 698 1559 ait
726 1522 738 1557 :
773 1503 898 1558 Post
927 1503 1036 1558 ha‘c
1065 1501 1169 1558 vidi
1196 1502 1401 1556 turbam
1429 1519 1699 1572 magnam,
1730 1515 1872 1554 nunc
1902 1506 2079 1552 autem
2110 1509 2198 1550 se-

621 1595 790 1665 ptimo
819 1595 990 1664 sigillo
1015 1593 1284 1649 concludit
1312 1596 1693 1649 narrationem.
1727 1593 1925 1664 (Vens.
1946 1590 2000 1654 2,
2024 1587 2102 1658 3.)
2133 1587 2200 1641 Et

620 1687 726 1740 vidi
754 1698 941 1758 septem
973 1686 1182 1757 angelos
1212 1697 1405 1743 stantes
1441 1689 1496 1741 in
1527 1697 1796 1759 conspectu
1826 1684 1956 1748 Dei,
1985 1692 2032 1736 et
2063 1682 2201 1736 data:

621 1788 743 1834 sunt
766 1779 871 1833 illis
895 1789 1086 1850 septem
1110 1779 1266 1834 tuber.
1299 1779 1366 1833 Et
1392 1779 1528 1833 alius
1555 1777 1768 1849 angelus
1795 1778 1928 1831 venit
1947 1817 1961 1841 ,
1990 1785 2038 1828 et
2063 1773 2201 1827 stetit

2291 609 2450 649 censa
2492 591 2813 654 oﬁeruntur,
2859 586 3095 642 ostendit
3135 585 3261 656 quia
3309 598 3416 638 non
3464 583 3623 648 alibi,
3668 584 3781 640 nisi
3826 586 3884 640 in

2292 699 2518 754 corpore
2545 681 2780 745 Christi,
2809 678 2954 749 quod
2993 686 3165 732 totum
3208 673 3374 730 divini
3417 674 3570 730 verbi
3608 674 3884 746 sapientia

2293 773 2631 845 resplendet,
2663 770 2966 825 orationum
3009 765 3336 823 sacriﬁcium
3376 766 3444 822 ab
3477 781 3545 822 eo
3585 766 3883 836 accipitur.

2293 869 2360 924 Et
2389 878 2513 923 nota
2543 868 2668 938 quia
2699 867 2956 928 thronus,
2987 871 3191 946 et‘ante
3229 862 3485 916 thronum
3522 861 3728 927 altare,
3775 878 3888 917 non

2293 960 2446 1026 duas,
2492 961 2585 1015 sed
2633 974 2794 1013 unam
2823 956 3120 1012 Ecclesiam
3161 953 3504 1026 signiﬁcent;
3557 955 3700 1010 sicut
3754 970 3888 1011 arca

2294 1051 2407 1106 Noe
2427 1093 2442 1116 ,
2471 1060 2527 1105 et
2551 1059 2674 1105 octo
2702 1049 2895 1102 anima:
2924 1047 2977 1101 in
3008 1061 3091 1100 ea.
3127 1044 3313 1115 (Vens.
3347 1043 3426 1115 5.)
3457 1043 3526 1098 Et
3555 1045 3760 1116 accepit
3791 1062 3891 1098 an-

2294 1142 2437 1214 gelus
2467 1140 2818 1204 thuribulum,
2857 1148 2906 1192 et
2950 1136 3172 1208 implevit
3214 1135 3347 1189 illud
3389 1136 3452 1190 de
3491 1137 3610 1207 igne
3653 1137 3888 1203 altaris,

2296 1246 2344 1290 et
2374 1235 2512 1289 misit
2541 1235 2595 1287 in
2626 1244 2838 1287 terram.
2865 1231 3015 1286 Tunc
3039 1229 3260 1300 angelus
3288 1229 3623 1284 thuribulum
3648 1231 3886 1300 accepit,

2298 1341 2419 1380 cum
2461 1324 2720 1380 Dominus
2750 1322 2851 1376 sibi
2893 1321 3036 1375 intra
3073 1329 3289 1374 uterum
3318 1319 3558 1390 Virginis
3583 1319 3888 1374 humanam

2299 1425 2546 1472 naturam
2591 1414 2906 1486 conjunxit;
2953 1413 3068 1469 sive
3105 1411 3173 1467 de
3213 1427 3458 1482 corpore.
3482 1411 3887 1483 intelligamus,

2299 1527 2421 1566 cum
2449 1511 2680 1581 primum
2710 1509 2763 1563 in
2793 1506 2976 1563 Iudaea
3007 1504 3297 1575 discipulos
3327 1504 3506 1576 elegit.
3539 1504 3680 1560 Cum
3708 1514 3886 1561 autem

2299 1612 2354 1656 et
2401 1601 2657 1672 angelus,
2701 1607 2755 1653 et
2798 1595 3160 1657 thuribulum,
3209 1603 3265 1650 et
3307 1594 3516 1660 altare,
3563 1611 3735 1649 unum
3784 1597 3891 1650 sint

2299 1709 2494 1763 corpus
2516 1733 2530 1757 ,
2561 1693 2686 1761 quia
2727 1691 3061 1746 thuribulum
3102 1688 3167 1742 de
3194 1687 3317 1757 igne
3346 1685 3535 1740 altaris
3562 1687 3764 1740 dicitur
3794 1687 3886 1740 im-

2300 1788 2500 1858 pletum
2522 1827 2536 1849 ,
2573 1783 2972 1854 intelligendum
3013 1788 3095 1835 est
3134 1779 3288 1850 quasi
3316 1779 3559 1834 diceret:
3602 1778 3670 1832 Et
3697 1788 3886 1848 caput,

623 1879 744 1924 ante
773 1869 939 1924 altare
968 1871 1163 1925 habens
1188 1870 1508 1924 thuribulum
1535 1887 1772 1929 aureum.
1799 1869 1912 1923 Hoc
1936 1868 2055 1922 loco
2081 1883 2203 1921 nar-
2231 1857 2281 1920 Β
2305 1857 2360 1932 ει
2387 1892 2584 1947 corpus
2611 1892 2716 1930 non
2749 1874 2924 1928 alieno
2943 1914 2956 1937 ,
2987 1871 3088 1926 nisi
3129 1871 3348 1941 proprio
3396 1870 3518 1941 igne
3562 1885 3886 1924 succensum

626 1962 854 2017 rationis
893 1963 1138 2016 ordinem
1182 1971 1567 2033 praeposterat,
1612 1974 1666 2018 et
1708 1961 2016 2026 interdicit;
2065 1960 2204 2014 sicut

623 2057 768 2110 enim
801 2056 1082 2124 sequentia
1111 2054 1557 2112 demonstrabant
1577 2097 1591 2122 ,
1623 2056 1774 2125 prius
1807 2055 1892 2112 ille
1930 2070 2052 2109 cum
2084 2055 2205 2108 thu-

527 2209 544 2215 _
625 2149 801 2203 ribulo
827 2151 1050 2204 veniens
1077 2157 1201 2202 ante
1226 2149 1397 2204 altare
1420 2149 1597 2212 stetit,
1626 2164 1786 2217 quam
1816 2155 2017 2217 septem
2049 2146 2204 2200 tubas

624 2241 951 2311 acceperint.
994 2239 1269 2296 lnterdicit
1309 2257 1466 2305 vero,
1509 2239 1634 2309 quia
1673 2247 1958 2308 antequam
1996 2238 2062 2291 de
2099 2236 2205 2290 illis

627 2331 863 2396 ﬁnisset,
913 2334 1064 2404 hunc~
1099 2348 1222 2387 cum
1269 2331 1545 2386 thuribulo
1591 2331 1824 2386 medium
1867 2329 2200 2383 inter-seruit.

627 2422 766 2490 Quid
796 2425 977 2494 itaque
1008 2425 1063 2479 in
1095 2433 1301 2495 septem
1332 2424 1536 2494 angelis
1566 2422 1916 2492 intelligimus
1946 2420 2047 2474 nisi
2079 2434 2204 2474 san-

625 2525 769 2571 ctam
818 2517 1113 2572 Ecclesiam
1163 2517 1218 2571 in
1263 2516 1374 2571 suis
1419 2515 1892 2586 praedicatoribus,
1941 2514 2033 2582 qui
2080 2524 2205 2570 sunt

625 2615 843 2661 (eterna:
870 2607 995 2661 vitae
1024 2607 1474 2663 annuntiatores?
1503 2605 1669 2661 Recte
1699 2607 1860 2660 etiam
1891 2615 2095 2674 septem
2125 2607 2206 2661 di-

627 2708 842 2763 cuntur,
876 2699 1005 2768 quia
1034 2698 1334 2769 septiformi
1363 2698 1564 2769 Spiritu
1614 2698 1907 2768 replentur,
1949 2698 2032 2750 vel
2078 2699 2204 2766 quia

628 2790 968 2844 universitati
1002 2790 1334 2846 credentium
1365 2798 1770 2860 praeponuntur.
1816 2787 1872 2841 lu
1914 2797 2204 2858 conspectu

628 2891 806 2936 autem
838 2883 930 2937 Dei
963 2893 1106 2939 stare
1147 2884 1518 2954 perhibentur,
1578 2882 1676 2951 qui
1724 2881 1956 2936 terrenis
1993 2881 2201 2950 cupidi-

630 2974 830 3028 tatibus
886 2975 1109 3029 calcatis
1161 2974 1357 3030 divinte
1413 2974 1851 3042 contemplationi
1917 2973 2200 3028 inhaerent.

629 3066 766 3132 Quid
795 3075 977 3121 autem
1007 3081 1104 3135 per
1131 3075 1336 3138 septem
1367 3083 1554 3122 eorum
1595 3067 1783 3131 tubas,
1823 3066 1922 3120 nisi
1967 3064 2202 3134 perfecta

631 3158 840 3214 Veteris
867 3175 932 3215 ac
958 3159 1090 3214 Novi
1133 3160 1461 3215 Testamenti
1505 3159 1816 3230 praedicatio
1855 3155 2202 3212 declaratur?

623 3247 775 3316 juxta
817 3251 985 3305 illud:
1034 3250 1202 3317 Quasi
1245 3252 1367 3305 tuba
1413 3253 1586 3306 exalta
1634 3267 1802 3305 vocem
1851 3260 1994 3304 tuam
2047 3247 2199 3319 (lsa.

631 3355 762 3396 ινιιι
785 3381 800 3406 ,
832 3342 854 3394 1
882 3341 921 3413 ).
953 3341 1010 3396 In
1042 3359 1106 3397 eo
1134 3352 1311 3398 autem
1340 3345 1480 3414 quod
1524 3345 1820 3400 sacerdotis
1847 3342 2082 3398 oﬁii-ium
2123 3352 2206 3396 est

630 3432 786 3487 altari
828 3434 1115 3500 assistere,
1161 3445 1216 3491 et
1255 3445 1494 3505 aptatum
1540 3437 1870 3491 aromatibus
1917 3436 2206 3506 thymiama

631 3539 894 3590 cremare,
927 3528 1268 3596 agnoscimus
1297 3529 1423 3598 quia
1453 3530 1673 3599 angelus
1713 3530 1812 3582 istc
1837 3530 2098 3582 mediator
2125 3536 2208 3582 est

631 3615 728 3670 Dei
752 3624 805 3670 et
825 3618 1130 3684 hominum,
1155 3628 1359 3688 septem
1383 3619 1694 3688 angelorum
1718 3619 1961 3688 angelus,
1984 3627 2038 3671 ct
2060 3627 2116 3670 ut
2135 3619 2206 3671 ita

632 3707 928 3764 dixerimus
955 3717 1161 3778 septem
1189 3710 1527 3765 sacerdotum
1559 3709 1795 3780 pontifex
1820 3727 1834 3775 ;
1863 3710 1928 3762 de
1955 3725 2059 3778 quo
2088 3725 2208 3779 pro-

629 3799 792 3866 pheta
819 3818 831 3852 :
867 3798 1048 3871 Magni
1077 3801 1281 3856 consilii
1309 3800 1522 3872 angelus
1548 3801 1692 3872 (Isa.
1716 3802 1862 3867 tx,6,
1889 3818 1990 3856 sec.
2014 3799 2204 3871 LXX).

637 3889 788 3944 Unde
832 3901 1016 3961 aperte
1060 3891 1361 3962 colligimus
1403 3893 1552 3961 prius
1595 3894 1736 3948 hunc
1765 3894 2014 3956 venisse,
2048 3907 2207 3960 quam

632 3990 839 4050 septem
888 3984 1105 4053 angelos
1157 3986 1313 4038 tubas
1365 3986 1656 4054 accepisse.
1714 3986 1818 4040 Per
1867 3987 2033 4040 altare
2080 4001 2208 4039 vero

633 4070 789 4126 electi
837 4072 1210 4143 designantur,
1263 4074 1315 4128 in
1360 4077 1554 4143 quibus
1600 4076 1839 4146 spiritale
1884 4075 2207 4130 sacriﬁcium

632 4165 954 4220 celebratur.
992 4167 1151 4221 Venit
1194 4182 1324 4238 ergo
1370 4169 1590 4237 angelus
1631 4185 1727 4237 per
1763 4185 2018 4232 carnem,
2061 4169 2210 4224 stetit

631 4272 726 4325 per
765 4258 1116 4313 divinitatem.
1163 4258 1299 4326 Quid
1338 4275 1551 4330 quoque
1596 4277 1690 4331 per
1736 4262 2062 4316 thuribulum
2107 4261 2210 4317 nisi

633 4348 934 4404 humanitas
965 4351 1200 4405 Christi?
1223 4351 1289 4405 Et
1307 4361 1428 4419 apte
1449 4368 1667 4406 aureum
1693 4353 1908 4418 dicitur,
1931 4354 2052 4421 quia
2083 4368 2209 4407 caro

635 4455 665 4491 a
696 4439 856 4493 verbo
898 4440 992 4492 Dei
1032 4450 1276 4507 suscepta
1321 4457 1422 4493 una
1454 4459 1574 4495 cum
1602 4459 1665 4496 co
1696 4453 1777 4497 est
1807 4445 2070 4512 sapientia
2094 4484 2107 4508 ,
2143 4447 2208 4502 de

2307 1977 2392 2022 est
2415 2008 2430 2031 ,
2458 1967 2509 2021 id
2538 1975 2622 2021 est
2651 1965 2858 2034 Spiritu
2889 1973 3092 2017 sancto.
3140 1960 3287 2014 Misit
3331 1969 3511 2014 autem
3537 1961 3608 2028 (in
3653 1970 3849 2012 terram
3870 1999 3887 2022 ,

2308 2061 2360 2114 id
2405 2067 2522 2122 est,
2571 2058 2623 2110 in
2669 2058 2807 2110 hanc
2849 2053 3199 2126 gentilitatem
3241 2051 3525 2122 perduxit;
3573 2051 3715 2106 unde
3758 2060 3890 2122 apte

2307 2151 2596 2207 subditur:
2630 2158 2678 2202 et
2720 2148 2860 2217 facta
2906 2155 3024 2200 sunt
3071 2145 3338 2208 tonitrua,
3379 2153 3424 2196 et
3469 2159 3633 2206 voces,
3689 2143 3746 2196 id
3790 2151 3879 2196 est

2307 2242 2748 2315 priedicatimium
2781 2249 3054 2294 terrores:
3086 2247 3132 2291 et
3163 2236 3376 2307 fulgura
3396 2276 3410 2299 ,
3433 2235 3530 2289 hoc
3571 2242 3658 2288 est
3703 2234 3883 2287 mira-

2307 2337 2550 2392 culorum
2580 2334 2730 2405 signa
2758 2351 2772 2386 :
2805 2342 2851 2386 et
2881 2339 3235 2390 terrwmotus,
3267 2329 3320 2383 id
3349 2335 3433 2383 est
3460 2325 3888 2398 persecutiones.

2309 2430 2506 2501 (Vens.
2558 2426 2654 2497 6.)
2700 2425 2765 2479 Et
2816 2433 3007 2494 septem
3053 2420 3225 2492 angeli
3267 2426 3698 2490 praeparaverunt
3741 2433 3795 2470 se
3835 2425 3889 2470 ut

2307 2525 2429 2578 tuba
2459 2530 2724 2576 canerent.
2757 2518 2893 2586 Quid
2923 2525 3005 2571 est
3031 2523 3244 2571 sanctos
3287 2512 3540 2568 doctores
3583 2508 3653 2564 ad
3699 2519 3895 2565 canen-

2307 2617 2433 2671 dum
2484 2631 2540 2670 se
2586 2625 2893 2685 praeparare
2913 2651 2926 2676 ,
2955 2609 3059 2664 nisi
3086 2608 3264 2662 divina
3292 2605 3506 2674 eloquia
3539 2604 3776 2660 scrutari
3796 2644 3811 2668 ,
3841 2613 3897 2658 ut

2307 2709 2480 2764 sciant
2509 2705 2670 2776 quid,
2703 2704 2788 2760 cui
2830 2711 2883 2758 et
2939 2700 3171 2771 qualiter
3197 2698 3343 2768 loqui
3387 2697 3671 2752 debeant?
3697 2697 3895 2752 Admo—

2305 2801 2515 2857 nendus
2557 2799 2735 2866 itaque
2763 2795 2934 2851 lector
2959 2803 3042 2849 est
3081 2801 3140 2848 ut
3180 2793 3232 2846 in
3262 2791 3620 2861 sequentibus
3648 2805 3758 2845 non
3785 2790 3897 2862 plus

2306 2903 2508 2964 septem
2531 2935 2545 2958 ,
2574 2907 2733 2962 quam
2759 2906 2923 2945 unum
2951 2887 3200 2957 angelum
3227 2885 3523 2956 intelligat;
3557 2884 3657 2940 sed
3691 2899 3897 2954 semper

2306 2988 2358 3042 in
2390 2983 2611 3056 singulis
2657 2991 2862 3052 septem
2890 2987 3212 3052 cognoscat,
3240 2993 3360 3032 cum
3386 2985 3615 3047 propter
3641 2975 3897 3046 ﬁguratas

2306 3078 2636 3132 locutionum
2666 3089 2858 3130 causas
2879 3114 2894 3137 ,
2925 3088 3045 3142 qua:
3073 3085 3177 3126 non
3207 3079 3431 3142 possunt
3473 3069 3578 3124 sub
3623 3083 3735 3122 uno
3779 3080 3899 3120 nar-

2308 3173 2447 3235 rari,
2483 3171 2535 3223 in
2566 3177 2770 3239 septem
2803 3165 3091 3221 distinctos
3119 3163 3375 3218 inveniat.

2378 3264 2540 3319 Vnus.
2578 3259 2797 3315 7.—-Et
2831 3257 3027 3330 primus
3056 3255 3272 3326 angelus
3297 3257 3421 3308 tuba
3445 3253 3664 3319 cecinit,
3684 3262 3732 3306 et
3755 3251 3899 3321 facta

2307 3367 2382 3412 est
2409 3354 2611 3428 grando
2633 3363 2681 3407 et
2708 3352 2842 3423 ignis
2868 3350 3060 3405 mistus
3088 3363 3363 3418 sanguine,
3409 3356 3457 3400 et
3509 3347 3714 3400 missus
3740 3345 3899 3399 estin

2309 3461 2522 3508 terram,
2547 3456 2594 3500 et
2622 3445 2776 3498 tertia
2798 3459 2920 3513 pars
2948 3441 3197 3494 arborum
3241 3436 3522 3494 combusta
3549 3446 3655 3500 est,
3681 3446 3732 3490 et
3757 3450 3903 3490 omne

2310 3540 2484 3608 fenum
2508 3535 2672 3590 i'iride
2694 3533 3018 3588 combustum
3043 3537 3138 3585 est.
3165 3527 3268 3583 Per
3284 3525 3604 3598 grandinem
3629 3527 3712 3580 ira
3735 3526 3902 3580 omni-

2308 3629 2540 3700 potentis
2568 3626 2658 3680 Dei
2681 3625 3022 3694 exprimitur,
3039 3620 3194 3690 juxta
3223 3619 3350 3673 illud
3375 3636 3387 3671 :
3416 3617 3499 3671 Ira
3523 3617 3746 3670 Domini
3772 3619 3902 3672 sicut

2309 3719 2512 3788 grando
2540 3715 2888 3770 descendens.
2920 3711 3009 3765 Pet
3059 3710 3234 3781 ignem
3265 3707 3412 3763 zelus
3438 3707 3524 3761 vel
3546 3706 3739 3762 odium
3771 3707 3905 3761 desio

2309 3820 2534 3879 gnatur;
2567 3816 2620 3861 et
2651 3814 2793 3861 recte
2824 3805 3015 3858 mistus
3049 3801 3308 3871 sanguine
3345 3800 3564 3862 dicitur,
3593 3799 3726 3866 quia
3756 3799 3901 3869 juxta

2308 3900 2530 3955 Joannis
2558 3914 2742 3953 vocem
2778 3911 2791 3950 :
2827 3896 2929 3962 Qui
2954 3895 3060 3948 odit
3084 3895 3301 3964 fratrem
3323 3907 3478 3946 suum
3520 3890 3798 3944 homicida
3836 3901 3902 3942 est

2312 3995 2361 4065 (Ι
2410 3994 2568 4047 Joun.
2615 4010 2695 4052 Ill,
2753 3991 2860 4062 15).
2915 3991 2997 4046 Ab
3051 3991 3153 4046 hoc.
3179 3989 3300 4059 igne
3329 4003 3433 4042 non
3462 4002 3630 4056 posse
3659 3986 3898 4042 comburi

2313 4087 2606 4142 Ecclesium
2657 4085 2914 4138 Dominus
2962 4099 3049 4154 pet
3095 4082 3286 4138 Isaiam
3331 4081 3626 4150 pollicetur
3668 4081 3896 4134 dicens:

2312 4173 2443 4226 Cum
2462 4170 2805 4225 antbulareris
2832 4185 2930 4239 per
2958 4169 3152 4240 ignem,
3178 4185 3279 4222 non
3305 4165 3653 4232 combureris,
3673 4177 3728 4220 et
3761 4169 3902 4237 ﬂau-

2312 4281 2396 4318 ma
2425 4281 2526 4317 non
2548 4262 2744 4316 ardebit
2767 4261 2818 4315 in
2854 4271 2902 4314 te
2931 4259 3064 4331 (lsa.
3099 4275 3252 4322 xuii,
3275 4257 3350 4326 Ξ).
3376 4255 3694 4312 Notandum
3724 4245 3901 4311 autem

2311 4353 2435 4424 quia
2463 4368 2582 4407 cum
2616 4351 2826 4403 tertiam
2855 4358 3061 4418 partem
3101 4348 3372 4418 deperisse
3416 4345 3571 4412 dicit,
3625 4362 3740 4403 non
3773 4347 3902 4402 duas

2311 4455 2495 4516 partes
2542 4444 2596 4498 in
2645 4442 2828 4497 electis
2883 4441 3204 4496 remansisse
3247 4440 3562 4495 existimare
3616 4441 3901 4505 debemus,

634 4542 739 4595 qua
769 4529 1268 4631 diciturzAccipite
1295 4531 1612 4598 sapientiam
1637 4533 1775 4587 sicut
1801 4551 1990 4588 aurum
2024 4533 2204 4607 (Prov.
2234 4547 2501 4631 Dcontra
2541 4536 2672 4590 illud
2721 4553 2733 4588 τ
2779 4533 2934 4589 Multi
2987 4543 3105 4588 sunt
3147 4534 3336 4597 vocati,
3386 4533 3543 4602 pauci
3589 4549 3714 4586 vero
3759 4532 3900 4587 electi

635 4634 758 4683 xvi,
787 4618 910 4687 lli).
961 4620 1144 4677 Potest
1190 4637 1287 4692 per
1339 4623 1698 4690 thuribulum,
1749 4642 1855 4695 quo
1900 4639 2208 4682 cremantur

635 4722 875 4765 aromata
899 4751 913 4776 ,
943 4711 1178 4770 Ecclesia
1210 4714 1457 4787 ﬁgurari,
1489 4733 1610 4786 qua:
1639 4718 1760 4788 igne
1799 4721 1962 4774 divini
2006 4723 2208 4778 amoris

635 4815 894 4856 succensa
933 4804 1170 4870 quotidie
1197 4806 1366 4860 dicit:
1398 4805 1674 4878 Dirigutur
1712 4811 1878 4863 oratio
1920 4828 2033 4866 mea
2073 4813 2208 4866 sicut

635 4895 901 4945 incensum
921 4933 934 4957 ,
981 4904 1037 4947 et
1077 4901 1286 4948 caetera.
1321 4896 1508 4966 (Psal.
1538 4916 1668 4965 cxn,
1697 4901 1793 4972 2.)
1826 4901 1990 4956 Recte
2028 4912 2208 4959 autem

635 4986 978 5056 singulariter
1004 4987 1070 5041 de
1098 4987 1308 5044 Christo
1333 4991 1670 5064 subiungitur
1697 5011 1710 5049 :

705 5075 776 5129 Et
804 5077 929 5131 data
958 5087 1081 5132 sunt
1112 5077 1192 5131 illi
1216 5079 1420 5133 incensa
1453 5084 1616 5139 multa
1640 5127 1655 5151 ,
1696 5096 1752 5139 ut
1790 5086 1939 5142 daret
1979 5088 2042 5148 de
2083 5104 2206 5143 ora-

635 5170 858 5225 tionibus
901 5183 1202 5226 sanctorum
1238 5189 1395 5244 super
1439 5175 1604 5231 altare
1651 5196 1900 5245 aureum,
1948 5181 2085 5251 quod
2132 5190 2208 5236 est

634 5271 754 5314 ante
783 5263 1023 5317 thronum
1049 5282 1068 5328 ;
1101 5265 1283 5336 (Vens.
1335 5265 1397 5335 4)
1429 5275 1476 5319 et
1503 5270 1733 5324 ascendit
1764 5271 1939 5340 fumus
1971 5273 2206 5326 incenso-

635 5368 751 5404 rum
781 5351 845 5405 de
871 5355 1191 5410 orationibus
1215 5367 1515 5411 sanctorum
1539 5357 1604 5411 de
1630 5375 1786 5414 manu
1827 5362 1996 5431 angeli
2035 5379 2208 5416 coram

634 5445 764 5499 Deo.
801 5445 952 5501 Sicut
981 5447 1159 5502 fumus
1185 5466 1252 5504 ex
1279 5451 1534 5504 crematis
1559 5454 1888 5508 aromatibus
1913 5455 2205 5524 egreditur,

635 5541 715 5594 sic
738 5541 911 5598 virtus
934 5546 1359 5612 compunctionis
1379 5534 1618 5616 gignitur
1643 5561 1708 5599 ex
1732 5547 1906 5601 studio
1926 5549 2203 5603 orationis.

636 5633 745 5690 Sed
772 5644 830 5689 ut
856 5636 966 5690 Deo
993 5636 1125 5691 ﬁant
1152 5650 1369 5708 accepta
1389 5679 1404 5704 ,
1435 5639 1623 5712 angelo
1648 5639 1842 5694 dantur
1873 5639 2087 5697 incensa
2111 5682 2126 5706 ,
2156 5641 2210 5696 id

583 5789 590 5792 _
637 5736 716 5781 est
746 5728 1090 5800 liedemptori
1118 5739 1303 5786 nostro
1331 5734 1740 5788 committuntur
1765 5733 2066 5787 orationum
2098 5745 2210 5790 stu-

636 5815 742 5869 dia.
774 5816 882 5874 Nec
907 5820 1128 5875 omnino
1156 5822 1221 5875 ad
1248 5821 1416 5878 Deum
1457 5832 1633 5892 potest
1673 5822 1818 5893 loqui
1847 5838 2073 5894 corpus,
2105 5827 2209 5883 nisi

2313 4629 2528 4701 (Matth.
2560 4643 2648 4692 xx,
2681 4626 2785 4698 l6).
2812 4626 2927 4680 Non
2953 4630 3096 4681 enim
3127 4627 3195 4680 ad
3218 4624 3530 4694 qualitatem
3561 4625 3792 4685 litterae.
3814 4624 3900 4678 sed

2307 4725 2373 4777 ad
2389 4723 2741 4792 quantitatem
2766 4720 2947 4789 ﬁgurae
2965 4719 3236 4788 pertinere
3258 4717 3469 4770 videtur
3483 4731 3758 4770 numerus
3774 4717 3896 4776 iste;

2307 4814 2446 4882 quod
2476 4814 2588 4882 ipsa
2617 4810 2921 4866 immutatio
2950 4812 3304 4872 demonstrat,
3325 4822 3444 4877 qua:
3473 4822 3584 4861 uno
3625 4805 3753 4862 loco
3775 4809 3897 4861 duas

2307 4905 2516 4969 tertias,
2548 4903 2720 4958 altero
2750 4911 2879 4967 tres,
2899 4901 3004 4956 alio
3031 4917 3191 4958 unam
3216 4901 3431 4956 tertiam
3454 4899 3508 4953 in
3531 4902 3898 4968 reproborun

2307 5008 2508 5054 sortem
2548 4998 2759 5052 venisse
2799 5007 2984 5049 narrat
3015 5013 3027 5048 :
3056 5003 3112 5050 et
3139 4995 3358 5064 quidem
3397 4994 3651 5063 superius
3685 4993 3748 5047 in
3777 5007 3901 5063 qua-

2308 5101 2432 5146 tuor
2474 5097 2658 5160 partes
2699 5088 2949 5142 distinxit
2988 5094 3164 5141 totum
3192 5084 3388 5141 diaboli
3417 5099 3640 5153 corpus,
3674 5101 3827 5139 nunc
3852 5085 3900 5136 in

2306 5182 2516 5236 duobus
2545 5180 2738 5244 tertiis,
2768 5187 2891 5248 post
2916 5178 2971 5231 in
2991 5178 3184 5243 tribus,
3211 5177 3401 5232 deinde
3422 5176 3476 5230 in
3500 5190 3644 5239 una;
3677 5161 3902 5232 seduno

2308 5282 2389 5328 est
2416 5288 2519 5326 una
2549 5271 2709 5324 tertia
2737 5271 2914 5324 minor
2936 5283 2968 5322 a
2995 5268 3204 5322 duabus
3244 5267 3328 5322 vel
3375 5266 3571 5320 tribus.
3612 5262 3760 5319 Nam
3783 5279 3904 5319 cun

2309 5365 2362 5418 in
2414 5372 2647 5432 quatuor
2700 5369 2881 5430 partes
2931 5359 3213 5429 distinguit
3241 5355 3437 5413 diaboli
3473 5371 3708 5426 corpus,
3742 5371 3905 5412 unam

2307 5453 2421 5508 vult
2453 5452 2692 5522 intelligi
2740 5452 2793 5505 in
2843 5449 3109 5514 Ecclesia,
3140 5450 3194 5503 in
3223 5448 3372 5503 falsis
3396 5446 3684 5511 fratribus,
3717 5457 3779 5503 et
3803 5460 3908 5500 tres

2309 5543 2461 5610 foris,
2515 5543 2566 5596 id
2612 5549 2696 5596 est
2745 5541 3052 5605 haereticos,
3100 5537 3312 5594 Judteos
3360 5547 3416 5593 et
3465 5554 3742 5609 paganos.
3775 5539 3910 5593 Cum

2311 5649 2438 5688 vero
2467 5641 2636 5688 totum
2667 5647 2863 5701 corpus
2891 5631 2946 5686 in
2973 5631 3144 5685 tribus
3167 5629 3341 5685 tertiis
3361 5623 3640 5690 describit,
3681 5646 3801 5683 una
3828 5630 3912 5680 in-

2311 5725 2758 5796 tusintelligenda
2786 5732 2870 5779 est
2896 5725 2951 5778 in
2970 5724 3153 5794 pravis
3178 5723 3423 5778 ﬁdelibus
3449 5722 3711 5791 simplex,
3740 5722 3914 5774 altera

2309 5821 2442 5877 foris
2466 5821 2520 5876 in
2541 5821 2739 5876 JUdiClS
2763 5829 2926 5889 atque
2944 5820 3219 5878 haereticis
3246 5819 3464 5890 duplex,
3493 5817 3657 5874 tertia
3690 5817 3838 5873 foris
3861 5832 3915 5869 in
