4090 6514
321 468 463 526 113⁸1

1066 467 1476 525 ΕΧΕΕΕΤΙΟᾹ.
1511 499 1583 510 -
1616 468 1969 527 COMMENT.
2011 470 2079 525 IN
2114 471 2493 528 APOCAL.—
2519 474 2647 529 LIB.
2692 472 2780 529 IV.

3433 468 3617 534 “38‘

313 582 572 658 gentibus
590 589 648 636 et
665 582 779 652 ipsa
806 580 1051 652 simplex.
1089 581 1224 636 Cum
1262 600 1390 639 vero
1442 601 1605 640 uuam
1652 587 1892 655 corporis
1921 586 1972 645 Α
1998 583 2174 653 facula
2201 596 2422 657 propter
2444 588 2661 644 malitia:
2681 588 2970 644 fervorem.
3015 586 3187 644 Casus
3215 572 3315 646 iste
3352 605 3458 647 non
3483 592 3575 650 ille

317 682 534 747 partem
550 674 747 735 eodem
777 674 1014 729 ternario
1037 675 1361 747 tertiamque
1406 692 1631 732 numero
1674 676 1886 746 ﬁgurat,

315 764 457 820 duas
480 764 701 819 omnino
720 778 788 818 ex
816 764 990 820 tribus
1014 764 1187 820 tertiis
1229 774 1411 836 partes
1455 768 1806 843 constituens,
1838 776 1893 823 et

314 856 562 915 occultos
595 857 778 923 simul,
808 864 862 911 et
901 865 1116 928 apertos
1158 857 1381 930 intelligi
1426 859 1541 913 vult
1586 860 1888 918 haereticos.

316 948 511 1006 Restat
554 964 658 1004 una
688 948 847 1004 tertia
874 948 1020 1017 intus
1038 947 1272 1016 etloris,
1300 966 1421 1021 quae
1453 953 1694 1006 omnium
1739 953 1793 1006 in
1832 968 1892 1009 se

314 1040 515 1097 retinet
541 1036 762 1095 formas.
807 1038 940 1095 Cum
970 1055 1100 1096 vero
1147 1041 1200 1095 in
1242 1040 1451 1113 duabus
1492 1043 1682 1105 tertiis,
1727 1059 1889 1098 unam

312 1130 618 1202 simplicem
643 1130 759 1186 vult
785 1131 1006 1202 intelligi
1036 1132 1181 1188 intus
1225 1133 1279 1187 in
1327 1132 1483 1188 malis
1532 1132 1886 1201 Christianis;

313 1220 543 1277 alteram
584 1220 854 1290 triplicem
885 1220 1041 1291 foris
1071 1222 1129 1276 in
1164 1220 1382 1288 Judzeis,
1415 1222 1683 1278 haereticis
1728 1232 1891 1294 atque

312 1309 563 1380 paganis.
588 1308 657 1364 Et
679 1310 958 1366 sciendum
984 1312 1109 1381 quia
1137 1312 1240 1368 hoc
1267 1320 1352 1368 est
1390 1321 1533 1369 terra
1561 1316 1706 1385 quod
1733 1316 1892 1372 arbo-

314 1416 424 1463 res,
457 1400 510 1456 id
537 1407 621 1459 est
645 1400 908 1456 malorum
937 1418 1146 1479 summa
1178 1403 1232 1458 in
1271 1404 1478 1461 duabus
1526 1407 1700 1462 tertiis
1744 1423 1891 1464 com-

314 1489 607 1561 prehensa,
636 1504 862 1560 quarum
892 1506 999 1546 una
1036 1492 1284 1562 simplex,
1328 1493 1494 1549 altera
1536 1496 1731 1566 triplex
1761 1506 1844 1554 est
1873 1518 1887 1554 :

311 1586 459 1636 terra
487 1581 631 1637 enim
650 1590 778 1637 sunt
803 1592 1141 1653 peccatores,
1163 1584 1289 1656 quia
1315 1592 1529 1642 terrena
1549 1597 1886 1659 quaerentes;

307 1678 368 1727 et
391 1670 613 1728 arbores
639 1671 767 1747 quia
792 1673 1141 1730 instabilitate
1169 1683 1440 1752 nutantes,
1467 1678 1533 1733 de
1556 1679 1750 1748 quibus
1794 1695 1894 1752 per

307 1759 505 1818 Iudam
533 1762 735 1819 dicitur
768 1782 781 1817 :
812 1762 887 1819 Hi
910 1774 1034 1820 sunt
1072 1767 1286 1823 arbores
1319 1750 1683 1835 'autumnales,
1719 1750 1892 1842 infru-

306 1862 527 1919 ctuosae,
554 1854 858 1921 eradicatte,
885 1857 962 1911 bis
995 1866 1216 1913 morture
1251 1858 1425 1931 (luit,
1465 1860 1575 1934 12).
1606 1860 1768 1918 Missa
1788 1863 1892 1917 ita-

311 1959 418 2016 que
462 1946 744 2017 grandine,
791 1955 848 2002 et
902 1949 1023 2029 igne
1074 1966 1198 2007 cum
1246 1953 1527 2022 sanguine,
1576 1955 1693 2009 dum
1719 1956 1890 2011 tertia:

272 2116 277 2119 1
313 2035 736 2105 comburuntur;
788 2054 893 2093 una
924 2040 1128 2095 illibata
1173 2051 1436 2109 servatur,
1485 2045 1611 2113 quia
1660 2060 1891 2116 exagge-

313 2134 469 2182 rante
495 2127 573 2181 ira
603 2130 819 2199 superni
843 2128 1060 2198 iudicis,
1089 2132 1321 2189 societas
1349 2133 1553 2203 antiqui
1573 2134 1743 2190 hostis
1763 2136 1890 2191 dum

303 2218 686 2295 praedicatione
708 2230 1018 2278 sanctorum
1043 2240 1149 2278 non
1177 2224 1473 2295 colligitur,
1499 2226 1605 2279 odii
1629 2227 1711 2280 sui
1739 2225 1891 2280 ﬂam-

307 2308 411 2364 mis
439 2302 804 2366 succenditur.
836 2312 1196 2384 Congregatio
1224 2330 1354 2370 vero
1389 2314 1592 2369 Christi
1622 2308 1747 2384 ipso
1775 2332 1890 2371 ma-

304 2398 483 2454 lorum
511 2400 636 2455 odio
657 2410 962 2469 exercetur,
994 2404 1088 2459 sed
1112 2419 1217 2458 non
1241 2404 1593 2460 consumitur.
1621 2404 1772 2473 Quod
1794 2422 1889 2461 au-

306 2500 415 2546 tem
463 2494 749 2549 subditur:
785 2494 950 2551 Omne
995 2496 1172 2566 fenum
1223 2496 1388 2552 viride
1433 2498 1756 2552 combustum
1787 2510 1885 2564 est,

309 2583 557 2653 repetitio
586 2585 865 2641 sententia:
893 2586 1124 2642 videtur.
1157 2587 1215 2642 In
1250 2587 1459 2643 duabus
1485 2588 1691 2645 scilicet
1714 2590 1888 2645 tertiis

306 2690 459 2729 ome
487 2676 664 2746 fenum
697 2677 862 2732 viride
889 2678 1212 2733 combustum
1250 2687 1349 2745 est,
1399 2678 1451 2733 id
1477 2687 1561 2734 est
1590 2688 1886 2735 memorata

306 2764 567 2820 malorum
596 2782 722 2837 pars
745 2768 853 2823 odii
875 2769 958 2823 sui
990 2767 1220 2825 ﬂammis
1256 2779 1596 2842 consumpta.
1629 2772 1886 2828 Viriditas

303 2857 448 2912 enim
472 2857 579 2913 feni
603 2859 705 2915 hoc
726 2860 845 2916 loco
874 2870 1096 2932 propter
1120 2862 1404 2919 illecebras
1426 2863 1645 2935 punitur
1669 2865 1881 2930 carnis;

299 2948 453 3021 juxta
475 2950 604 3006 illud
636 2966 652 3006 :
683 2951 867 3009 Omnis
897 2971 1020 3009 caro
1052 2955 1250 3025 fenum,
1282 2963 1339 3010 et
1366 2955 1590 3025 reliqua.
1625 2955 1761 3027 (lsa.
1792 2972 1878 3022 XL,

306 3041 383 3113 6.)
434 3041 586 3099 Unde
612 3052 798 3100 contra
828 3046 1023 3111 turbae,
1054 3061 1175 3116 qua:
1210 3062 1241 3102 a
1294 3046 1521 3102 Domino
1564 3054 1881 3119 pascuntur,

252 3126 255 3133 ”
306 3148 469 3204 super
493 3133 673 3189 fenum
723 3137 909 3192 sedere
958 3146 1360 3205 memorantur;
1392 3139 1447 3195 id
1471 3145 1556 3195 est
1581 3139 1884 3211 voluptates

303 3226 482 3281 carnis
506 3226 799 3295 premendo
821 3214 1086 3299 subigere.

252 3308 257 3317 ’
371 3318 535 3373 Vens.
577 3318 631 3374 8.
655 3349 728 3360 —
753 3317 822 3372 Et
861 3320 1121 3375 secundus
1151 3318 1371 3390 angelus
1412 3320 1536 3373 tuba
1594 3319 1801 3385 cecinit,
1831 3327 1882 3374 et

300 3417 550 3479 tanquam
574 3425 723 3463 mons
738 3424 958 3480 magnus
977 3410 1096 3479 igne
1112 3409 1301 3463 ardens
1327 3409 1516 3464 missus
1537 3418 1613 3462 est
1636 3408 1691 3462 in
1714 3423 1876 3462 mare.

306 3497 376 3553 Et
425 3499 565 3568 facta
607 3507 683 3553 est
712 3500 862 3554 tertia
908 3517 1030 3571 pars
1058 3500 1220 3554 maris
1249 3500 1483 3572 sanguis,
1514 3501 1700 3572 (Vsus.
1749 3499 1804 3570 9)
1832 3507 1881 3553 et

306 3594 511 3644 mortua
532 3600 606 3645 est
629 3591 686 3645 in
702 3607 762 3645 eo
785 3591 937 3646 tertia
961 3609 1085 3663 pars
1105 3602 1381 3657 creatum,
1404 3609 1522 3664 qua:
1543 3593 1744 3647 habent
1764 3592 1881 3644 ani-

303 3698 438 3746 mas,
467 3690 516 3736 et
542 3681 692 3736 tertia
712 3699 836 3753 pars
862 3684 1073 3737 navium
1094 3683 1309 3737 interiit.
1341 3683 1494 3738 Mons
1520 3700 1741 3753 magnus
1768 3683 1880 3737 dia-

301 3774 456 3830 bolus
481 3773 698 3840 dicitur,
727 3774 840 3830 sive
863 3775 991 3845 quia
1014 3774 1206 3829 similis
1230 3774 1304 3828 illi
1332 3789 1452 3829 esse
1472 3774 1658 3836 voluit,
1684 3774 1750 3828 de
1771 3787 1878 3843 quo

270 3850 540 3921 ~dicitur:
574 3865 691 3920 Erit
722 3865 775 3920 in
813 3866 1105 3921 novissimis
1143 3865 1325 3920 diebus
1365 3874 1693 3937 prwparatus
1728 3881 1877 3919 mons

302 3954 436 4026 (lsa.
466 3972 529 4021 ιι,
559 3954 646 4025 2);
679 3956 794 4010 sive
818 3955 945 4025 quia
993 3956 1048 4010 in
1076 3956 1371 4009 novissimo
1398 3955 1689 4009 extolletur
1714 3968 1877 4022 supra

300 4061 459 4099 omne
501 4046 642 4114 quod
674 4046 891 4109 dicitur,
950 4054 1045 4099 aut
1086 4045 1235 4114 quod
1264 4043 1458 4097 colitur
1483 4043 1644 4097 Deus.
1676 4040 1878 4095 Ardeas

303 4144 500 4197 autem,
521 4136 646 4206 quia
666 4135 867 4190 malitia
890 4150 985 4190 sua
1014 4142 1174 4204 atque
1198 4133 1399 4189 invidia
1430 4141 1732 4202 torquetur,
1750 4133 1877 4203 quia

300 4227 491 4298 angelo
515 4228 639 4282 tuba
659 4234 904 4292 canente,
928 4227 980 4282 id
1002 4233 1083 4280 est
1103 4224 1340 4280 Ecclesia
1362 4224 1687 4295 praedicante
1705 4239 1737 4277 a
1753 4239 1879 4279 san-

302 4322 403 4375 ctis
427 4318 648 4390 eiectus,
681 4319 735 4374 in
762 4333 931 4383 mare,
955 4318 1057 4373 hoc
1079 4326 1163 4372 est
1183 4318 1237 4372 in
1266 4316 1588 4382 incredulos,
1612 4316 1875 4383 mittitur;

302 4429 407 4468 non
431 4428 537 4483 quo
586 4412 641 4466 in
673 4412 752 4466 eis
780 4418 904 4465 ante
941 4426 1048 4465 non
1075 4417 1223 4475 erat,
1255 4409 1350 4465 sed
1383 4409 1509 4479 quia
1536 4408 1603 4465 ab
1630 4408 1750 4464 istis
1769 4406 1877 4477 eje-

301 4510 440 4568 ctus,
483 4503 710 4574 amplius
756 4501 861 4558 illis
886 4500 1074 4572 incipit
1095 4501 1379 4556 dominari.
1429 4500 1654 4557 Videtur
1695 4507 1874 4555 autem

302 4595 354 4649 in
388 4610 490 4650 una
539 4594 716 4659 tertia,
746 4607 865 4663 qua:
913 4591 968 4646 in
1012 4592 1327 4662 sanguinem
1372 4605 1527 4646 versa
1569 4599 1672 4656 est,
1706 4606 1875 4662 genus

302 4688 493 4742 mortis
515 4700 624 4757 quo
651 4685 767 4740 dum
812 4683 984 4738 tertia:
1026 4682 1297 4738 intereunt
1323 4680 1575 4753 ﬁgurari;
1603 4691 1663 4737 ut
1691 4682 1745 4736 in
1767 4698 1874 4736 una

301 4794 470 4845 mors,
508 4779 563 4833 in
613 4777 822 4833 duabus
867 4790 1127 4831 numerus
1170 4774 1510 4829 morientium
1550 4774 1872 4842 assignetur.

299 4870 453 4942 Aqua
478 4871 533 4926 in
558 4869 869 4942 sanguinem
892 4882 1071 4933 versa,
1093 4865 1353 4937 sapientia
1378 4863 1613 4920 carnalis
1631 4872 1735 4929 est,
1757 4878 1878 4934 quae

302 4965 511 5018 animas
538 4963 765 5017 occidit:
797 4963 940 5017 unde
966 4958 1252 5031 Apostolus
1284 4975 1296 5011 :
1336 4955 1536 5029 Sapere
1579 4957 1875 5012 secundum

302 5068 521 5110 carnem
549 5067 694 5107 mors
718 5062 803 5107 est
830 5052 1002 5123 (Rom.
1031 5068 1150 5116 vm,
1183 5050 1269 5121 6);
1314 5065 1435 5120 quae
1488 5050 1773 5120 sapientia,
1820 5058 1877 5105 et

303 5146 498 5203 malam
522 5144 914 5208 credulitatem,
938 5150 993 5198 et
1020 5158 1244 5213 pravam
1284 5143 1645 5211 operationem
1671 5142 1875 5213 signiﬁ-

301 5245 406 5293 cat.
448 5235 582 5291 Nam
602 5249 702 5306 pro
727 5248 895 5304 pravo
923 5233 1171 5302 dogmate
1193 5231 1390 5285 dicitur
1418 5248 1430 5284 :
1464 5230 1661 5284 Littera
1686 5232 1874 5285 occidit

303 5325 388 5398 (II
412 5324 533 5381 Cor.
570 5340 652 5387 Ill,
678 5323 764 5397 6);
794 5336 893 5395 pro
917 5336 1084 5392 pravo
1108 5334 1272 5390 opere
1298 5337 1312 5374 :
1342 5318 1532 5375 Libera
1559 5336 1641 5375 me
1662 5320 1725 5375 de
1752 5337 1875 5376 san-

299 5419 544 5493 guinibus
566 5416 736 5491 (Psal.
763 5434 813 5480 1.,
847 5414 953 5486 16).

369 5510 534 5566 Vens.
572 5508 658 5563 10.
686 5536 756 5547 -—
783 5503 853 5559 Et
883 5504 1066 5560 tertius
1098 5503 1312 5575 angelus
1340 5503 1463 5557 tuba
1490 5502 1697 5567 cecinit,
1719 5510 1770 5557 et
1790 5518 1872 5557 ce-

301 5603 427 5659 cidit
467 5603 532 5659 de
569 5600 693 5657 caelo
735 5598 885 5655 stella
929 5614 1120 5670 magna
1162 5608 1411 5668 tanquam
1456 5594 1631 5667 facula
1657 5595 1868 5651 ardens.

301 5694 555 5751 Diabolus
579 5693 690 5749 sive
717 5706 816 5763 pro
843 5690 1015 5761 prima
1041 5688 1321 5761 dignitate,
1354 5687 1466 5743 sive
1507 5687 1633 5757 quia
1658 5684 1873 5741 transﬁ-

300 5794 459 5859 gurat
483 5799 543 5843 se
566 5784 621 5840 in
645 5783 889 5855 angelum
919 5781 1075 5846 lueis,
1108 5779 1258 5837 stella
1280 5787 1522 5835 vocatur.
1557 5777 1755 5850 Magna
1777 5793 1872 5832 att-

305 5888 433 5946 tem,
460 5877 584 5949 quia
607 5874 818 5936 caeteris
839 5873 1046 5948 angelis
1066 5871 1323 5947 praelatus
1355 5861 1459 5929 est.
1500 5869 1711 5931 Ardeas
1738 5881 1870 5930 vero

1901 4643 1956 4704 D

1870 5373 1915 5446 ι(

1995 676 2367 749 intelligendus
2396 690 2497 745 est,
2532 697 2638 751 quo
2661 681 2812 751 prius
2839 682 2905 736 de
2933 682 3179 751 supernis
3224 674 3574 754 sedibus'eie-
3642 707 3648 713 ’

1992 776 2111 824 etus
2136 777 2249 835 est;
2276 771 2368 826 sed
2389 786 2497 841 quo
2523 772 2712 843 angelo
2737 779 2983 836 canente,
3008 772 3060 826 id
3075 780 3156 827 est
3178 771 3415 827 Ecclesia
3436 789 3574 844 prae-

1992 860 2228 926 dicante,
2258 860 2326 915 ab
2351 861 2537 918 electis
2558 862 2810 917 exclusus
2837 870 2939 917 est.
2967 862 3103 916 Nam
3133 862 3329 919 coelum
3357 872 3441 919 est
3466 864 3570 920 Ec-

1991 950 2175 1013 clesia,
2204 967 2365 1020 quam
2394 952 2652 1007 Dominus
2680 952 3015 1023 praesidendo
3037 953 3317 1008 inhabitat.
3348 952 3417 1008 Et
3440 955 3574 1010 ceci-

1991 1041 2066 1095 dit
2088 1041 2143 1095 in
2171 1041 2377 1095 tertiam
2400 1051 2600 1113 partem
2620 1042 2898 1113 [luminum
2923 1050 2973 1096 et
3018 1042 3072 1097 in
3094 1042 3262 1112 fontes
3283 1059 3573 1114 aquarum;

1992 1132 2095 1187 hoc
2122 1139 2206 1187 est
2231 1133 2285 1185 in
2311 1134 2603 1188 humanam
2629 1141 2901 1199 naturam,
2933 1148 3052 1202 qua:
3081 1135 3147 1187 ab
3174 1142 3295 1209 ortu
3325 1149 3423 1189 suo
3448 1150 3572 1189 car-

1991 1219 2194 1275 nalium
2251 1220 2586 1291 voluptatum
2637 1223 2799 1277 undis
2852 1220 3215 1292 praeterﬂuens
3240 1222 3477 1277 decurrit
3505 1225 3573 1279 ad

1991 1319 2239 1367 mortem.
2274 1311 2462 1384 (Vens.
2494 1313 2605 1385 11.)
2628 1312 2699 1367 Et
2750 1329 2937 1367 nomen
2974 1312 3138 1368 stella:
3168 1298 3361 1368 dicitur
3385 1314 3574 1369 Absin-

1992 1402 2152 1457 titius.
2183 1402 2314 1470 Quia
2352 1419 2382 1457 a
2434 1404 2677 1458 veritatis
2726 1403 3009 1459 dulcedine
3054 1404 3298 1462 diabolus
3326 1405 3573 1461 resiliens

1992 1492 2047 1546 in
2092 1493 2506 1548 amaritudinem
2560 1492 2825 1548 mendacii
2877 1502 3237 1549 commutatus
3286 1502 3401 1560 est,
3451 1494 3574 1563 jure

1990 1585 2245 1639 absinthii
2270 1584 2588 1641 vocabulum
2634 1585 2859 1641 sortitus
2886 1593 2987 1640 est.
3026 1585 3095 1639 Et
3140 1586 3266 1655 quia
3307 1584 3571 1641 malorum

1989 1673 2251 1744 exemplis
2291 1674 2510 1744 plurimi
2562 1680 2827 1743 pereunt,
2875 1679 2999 1745 apte
3045 1673 3388 1744 subjungitur
3433 1687 3449 1727 :
3500 1673 3572 1728 Et

1990 1766 2143 1822 multi
2165 1768 2433 1822 hominum
2456 1767 2651 1821 mortui
2674 1776 2795 1821 sunt
2821 1784 2885 1821 ea:
2908 1766 3080 1839 aquis,
3107 1767 3350 1837 quoniam
3372 1782 3570 1821 amara:

1992 1857 2148 1927 facta:
2186 1867 2326 1913 sunt.
2361 1858 2525 1925 Quasi
2552 1844 2696 1913 enim
2738 1874 2804 1913 ex
2847 1858 3048 1913 amaris
3086 1859 3241 1928 aquis
3269 1858 3573 1913 moriuntur

1918 1938 1965 2000 Β
1993 1949 2261 2014 homines,
2311 1964 2432 2004 cum
2475 1948 2877 2019 perversorum‘
2902 1949 3264 2020 dogmatibus,
3307 1949 3390 2003 vel
3443 1963 3573 2018 ope-

1990 2037 2261 2093 rationum
2305 2037 2564 2108 exemplis
2614 2037 2862 2093 carnales
2913 2037 3080 2093 illecti
3129 2037 3447 2107 spiritaliter
3472 2051 3570 2106 pe-

1988 2138 2170 2188 reunt.
3486 2124 3491 2131 ’
3518 2126 3523 2131 ’

2059 2222 2224 2275 γης.
2264 2219 2351 2273 12.
2380 2249 2452 2260 ——
2473 2218 2543 2273 Et
2594 2208 2823 2290 quartus.
2857 2221 3074 2291 angelus
3124 2220 3249 2274 tuba
3279 2218 3483 2283 cecinit,
3521 2228 3571 2273 et

1985 2329 2229 2383 percussa
2259 2320 2332 2366 est
2361 2312 2515 2365 tertia
2548 2327 2672 2382 pars
2695 2310 2842 2377 solis,
2889 2320 2940 2365 et
2978 2313 3133 2366 tertia
3167 2328 3290 2382 pars
3311 2311 3473 2376 lunae,
3518 2320 3568 2364 et

1987 2403 2140 2457 tertia
2160 2420 2282 2473 pars
2309 2400 2602 2467 stellarum,
2630 2411 2687 2455 ut
2728 2402 3094 2456 obscuraretur
3116 2403 3292 2459 .tertia
3335 2418 3457 2472 pars
3482 2418 3570 2457 eo-

1988 2510 2125 2558 rum,
2152 2503 2201 2548 et
2224 2493 2329 2547 diei
2353 2509 2454 2547 non
2484 2490 2679 2546 luceret
2702 2509 2825 2565 pars
2869 2492 3045 2557 tertia,
3080 2501 3128 2546 et
3158 2506 3263 2546 nox
3308 2490 3566 2546 similiter.

1984 2585 2091 2641 Per
2119 2585 2310 2650 solem,
2337 2592 2392 2638 et
2430 2584 2636 2648 lunam,
2687 2592 2741 2639 et
2771 2583 2955 2638 stellas
2996 2582 3235 2638 Ecclesia
3282 2581 3565 2652 figuratur,

1985 2694 2214 2750 quorum
2237 2677 2538 2735 obscuritas
2557 2676 2773 2747 proprie
2791 2676 2860 2730 ad
2885 2675 3261 2732 hereticorum
3286 2672 3566 2744 perfidiam

1986 2771 2238 2825 refertur.
2265 2770 2331 2824 Et
2351 2769 2601 2841 quamvis
2626 2767 2744 2825 dua:
2772 2777 2956 2840 partes
2975 2769 3082 2824 sint
3101 2785 3167 2825 ex
3192 2769 3367 2823 tribus
3393 2767 3566 2821 tertiis

1984 2863 2262 2930 confectae,
2291 2878 2397 2917 una
2424 2862 2630 2917 scilicet
2673 2861 2778 2916 diei
2812 2864 2923 2931 per
2967 2859 3362 2933 solem,,'altera
3392 2858 3566 2913 noctis

1982 2971 2081 3027 per
2108 2955 2291 3010 lunam
2331 2963 2492 3024 atque
2519 2954 2736 3020 stellas;
2768 2970 2932 3009 unam
2976 2961 3157 3009 tamen
3187 2954 3305 3009 dua:
3332 2951 3562 3016 faciunt,

1984 3055 2076 3101 aut
2102 3062 2207 3101 una
2233 3046 2287 3101 in
2327 3046 2534 3101 duabus
2562 3045 2939 3102 subdividitur.
2988 3045 3070 3099 Ad
3116 3046 3219 3100 hoc
3260 3044 3466 3100 scilicet
3500 3050 3564 3097 ut

1983 3146 2228 3210 apertum
2273 3137 2390 3209 ejus
2440 3150 2681 3193 errorem
2710 3152 2807 3208 per
2831 3138 2996 3203 diem,
3025 3145 3081 3192 et
3107 3137 3373 3192 occultum
3418 3134 3563 3191 desi-

1984 3238 2110 3301 gnet
2154 3245 2254 3299 per
2297 3237 2540 3297 noctem;
2600 3229 2843 3300 publicas
2891 3228 3141 3309 videlicet
3183 3229 3562 3283 haereticorum

1983 3318 2426 3385 mnﬂictationes,
2454 3328 2510 3376 et
2530 3321 2811 3376 obstrusas
2831 3320 3277 3375 machinationes.
3301 3317 3426 3375 Ideo
3453 3334 3555 3373 auo

1982 3416 2091 3464 tem
2136 3410 2249 3465 non~
2292 3408 2508 3475 dicitur,
2535 3425 2788 3481 percussa
2814 3419 2897 3466 est
2935 3410 3093 3465 tertia
3135 3424 3259 3481 pars
3286 3416 3340 3463 et
3366 3410 3563 3465 obscu-

1982 3510 2120 3566 rata,
2149 3502 2241 3557 sed
2265 3518 2510 3572 percussa
2538 3511 2595 3556 ut
2623 3502 2989 3557 obscuraretur
3034 3515 3272 3571 congruo
3297 3508 3557 3572 tempore,

1980 3595 2104 3664 quia
2127 3603 2255 3650 tunc
2279 3594 2548 3650 veraciter
2575 3595 2933 3649 obscurantur
2960 3591 3219 3655 haeretici,
3240 3606 3361 3647 cum
3378 3598 3564 3661 aperte

1979 3686 2047 3739 ab
2072 3685 2317 3740 Ecclesia
2346 3692 2685 3755 separantur.
2711 3683 2842 3738 Nam
2870 3684 3021 3754 prius
3046 3683 3199 3754 quasi
3219 3682 3427 3737 occulte
3446 3680 3564 3736 vul-

1978 3784 2255 3831 nerantur.
2286 3775 2669 3831 Pereutiuntur
2694 3784 2876 3831 autem
2903 3790 2970 3830 ex
3001 3773 3202 3829 lumine
3229 3772 3350 3827 fidei
3398 3782 3453 3827 et
3481 3772 3566 3827 di-

1977 3867 2088 3921 vini
2117 3867 2267 3922 verbi
2292 3867 2560 3921 claritate.
2586 3866 2715 3931 Qum
2735 3866 2967 3934 perditio
2989 3880 3094 3918 non
3126 3863 3193 3917 ad
3220 3863 3389 3916 Deum
3415 3861 3529 3916 redi
3545 3889 3560 3900 -

1977 3959 2150 4027 genda
2195 3965 2298 4021 est,
2352 3957 2446 4011 sed
2492 3957 2571 4010 sic
2614 3953 2983 4025 intelligenda,
3018 3954 3157 4008 sicut
3199 3952 3266 4007 de
3311 3951 3561 4006 indurato

1976 4046 2138 4101 corde
2165 4044 2480 4101 Pharaonis.
2507 4045 2693 4117 (Vens.
2720 4044 2831 4112 15.)
2862 4044 2932 4097 Et
2958 4044 3087 4109 vidi,
3118 4052 3167 4097 et
3185 4042 3362 4097 audivi
3385 4059 3561 4097 vocem

1977 4137 2132 4192 unius
2154 4137 2345 4210 aquila:
2370 4136 2590 4192 volantis
2620 4153 2712 4207 per
2758 4135 2986 4190 medium
3012 4135 3230 4201 caelum,
3261 4141 3314 4189 et
3340 4134 3561 4189 dicentis

1975 4246 2098 4285 voce
2144 4247 2375 4302 magna:
2408 4227 2523 4295 Var,
2575 4245 2673 4294 me,
2720 4245 2798 4282 me
2840 4226 3195 4281 habitantibus
3221 4234 3443 4281 terram.
3482 4223 3560 4280 De
3628 4238 3639 4245 '

1975 4321 2188 4376 caeteris
2214 4319 2437 4376 vocibus
2458 4319 2708 4379 tubarum
2732 4319 2893 4372 trium
2920 4315 3251 4389 angelorum,
3282 4316 3374 4386 qui
3402 4324 3593 4370 erant-

1976 4413 2105 4469 tuba
2132 4412 2384 4478 eanituri,
2416 4420 2528 4467 tam
2577 4409 2833 4476 Joannes,
2860 4425 3023 4480 quam
3050 4410 3250 4481 aquila,
3283 4422 3557 4478 quamque

1974 4503 2171 4575 angeli,
2226 4502 2481 4559 Ecclesia:
2528 4502 2755 4574 figuram
2808 4510 3046 4573 gerunt:
3087 4515 3206 4570 qua!
3256 4501 3395 4557 bene
3447 4515 3557 4555 una

1978 4595 2157 4666 aquila
2181 4595 2400 4662 dicitur,
2429 4595 2554 4665 quia
2586 4594 2640 4649 in
2675 4593 2881 4648 unitate
2925 4593 3045 4648 fidei
3071 4592 3339 4655 consistit,
3365 4600 3421 4647 et
3446 4590 3557 4648 cal-

1978 4688 2113 4742 catis
2140 4688 2371 4742 terrenis
2415 4686 2779 4757 voluptatibus
2834 4686 2902 4740 ad
2952 4685 3190 4741 caelestia
3222 4684 3554 4740 sublevatur.

1977 4778 2097 4848 Ipsa
2135 4792 2265 4849 ergo
2310 4779 2366 4832 in
2404 4775 2612 4833 Joanne
2658 4794 2716 4833 se
2757 4779 2929 4848 ipsam
2950 4777 3116 4832 videt.
3146 4778 3266 4849 ipsa
3293 4779 3347 4835 in
3376 4777 3557 4849 aquila

1977 4870 2150 4935 volat;
2182 4869 2295 4940 ipsa
2317 4868 2370 4922 in
2404 4869 2577 4924 tribus
2593 4869 2796 4941 angelis
2821 4878 3094 4940 postremo
3136 4879 3376 4940 tempore
3412 4870 3554 4926 mala

1976 4967 2203 5015 ventura
2239 4960 2537 5015 denuntiat.
2566 4959 2632 5014 Et
2673 4968 2801 5016 nota
2826 4961 2951 5032 quia
2998 4962 3050 5016 in
3096 4960 3321 5031 spiritali
3346 4960 3556 5016 visione

1979 5052 2083 5107 hoc
2125 5059 2211 5107 est
2250 5050 2434 5106 videre
2461 5051 2604 5121 quod
2631 5052 2839 5106 audire.
2869 5051 2927 5107 In
2973 5067 3038 5107 eo
3068 5061 3246 5105 autem
3276 5051 3421 5120 quod
3445 5066 3553 5106 non

1975 5144 2041 5199 de
2068 5140 2499 5214 prmcedentibus
2523 5141 2767 5207 vocibus,
2822 5142 2914 5196 sed
2956 5141 3292 5209 sequentium
3338 5140 3555 5210 angelo-

1974 5250 2093 5290 rum
2123 5234 2320 5289 dicitur
2338 5233 2542 5304 lugere,
2565 5234 2868 5289 ostenditur
2892 5231 3130 5287 Ecclesia
3160 5238 3416 5286 venturas
3435 5230 3551 5300 pla-

1974 5342 2069 5397 gas
2096 5326 2323 5381 diversae
2376 5326 2698 5382 calamitatis
2741 5323 2970 5379 diversis
3008 5322 3341 5394 temporibus
3358 5321 3587 5395 lugere~

1972 5426 2027 5471 et
2051 5417 2377 5488 prrcdicare;
2406 5416 2605 5488 lugere
2637 5415 2841 5471 scilicet
2868 5413 2921 5467 in
2949 5412 3149 5482 aquila,
3176 5414 3470 5483 praedicare
3495 5414 3552 5470 in

1978 5509 2199 5580 angelis.
2248 5508 2352 5565 Per
2401 5508 2634 5563 medium
2678 5506 2862 5574 itaque
2905 5505 3097 5559 cmlum
3126 5504 3305 5558 volare
3331 5503 3549 5569 dicitur,

1976 5603 2099 5674 quia
2125 5602 2251 5657 hinc
2280 5602 2403 5656 inde
2433 5601 2619 5654 orbem
2648 5605 2915 5652 terrarum
2946 5594 3208 5667 possidet,
3236 5593 3389 5664 cujus
3414 5608 3554 5666 prai-

1974 5693 2171 5750 dicatio
2197 5694 2399 5750 idcirco
2424 5707 2528 5748 vox
2558 5704 2751 5764 magna
2771 5696 3015 5757 vocatur,
3033 5688 3159 5760 quia
3181 5687 3239 5749 in
3259 5694 3374 5749 toto
3392 5702 3550 5745 mun-

1974 5784 2042 5844 do
2063 5785 2358 5858 personuit.
2906 5778 2911 5779 “
