4088 6330
464 332 479 345 .
526 282 671 344 “'59

798 430 821 449 .
996 414 1005 419 ·
1141 394 1367 454 CAPUT
1405 393 1497 449 IX.

600 478 766 573 “iis.
859 493 916 550 Ξ.
932 460 1086 573 -ές
1099 474 1312 573 quintus
1327 486 1546 569 angelus
1569 484 1693 540 tuba
1709 481 1916 547 cecinit,
1939 488 1987 535 et
2005 478 2114 573 ridi

528 565 1013 667 stellamcecitiisse
1057 565 1119 661 lté
1164 582 1290 638 caelo
1335 565 1391 636 in
1437 590 1655 645 terram,
1703 585 1751 633 et
1780 576 1905 631 data
1932 582 2007 629 est
2038 572 2114 628 illi

531 668 691 757 clasis
714 683 858 757 putei
880 668 1055 750 abyssi
1077 676 1160 732 :e’t
1184 675 1385 757 aperuit
1405 680 1616 747 puteum
1643 669 1836 741 abyssi,
1863 676 1912 723 et
1933 681 2115 757 αξξεπ-

530 744 608 834 dit
637 744 813 845 filiuni:
835 744 998 845 putei,
1033 766 1165 822 sicut
1215 744 1414 835 fumus
1442 759 1670 833 fornacis
1718 768 1942 830 magum.
1974 744 2114 823 Quid

534 876 712 951 autem
736 844 834 951 per
861 858 1109 933 angelum
1138 863 1193 912 et
1217 855 1429 911 stellam
1442 850 1769 951 designatur,
1783 848 1894 918 jam
1911 849 2114 903 dictum

453 978 461 993 ί
535 942 639 1021 est.
671 940 776 1027 Per
810 953 1062 1024 abyssum
1094 948 1403 1021 iniquorum
1449 940 1613 999 corda
1663 943 1943 1012 signantur
1967 946 2117 1027 erro-

536 1064 659 1129 rum
676 1024 921 1105 tenebris
949 1042 1236 1099 obscurata
1261 1056 1274 1094 :
1298 1052 1396 1129 per
1414 1042 1654 1129 puteum
1699 1032 1900 1106 abyssi,
1924 1024 2117 1129 {medi-

536 1119 755 1209 calores
783 1148 1029 1205 errorum
1060 1130 1256 1186 debent
1301 1124 1544 1198 intelligi.
1594 1125 1651 1181 Si
1678 1126 1823 1181 enim
1850 1138 1910 1178 os
1939 1119 2119 1193 abyssi

536 1212 732 1311 puteus
750 1210 855 1297 est,
884 1231 1031 1307 recte
1060 1220 1136 1303 illi
1184 1220 1463 1306 signantur
1485 1232 1582 1291 per
1600 1224 1838 1288 puteum,
1856 1227 2120 1311 per/quos

537 1298 804 1383 iuniorum
851 1298 1108 1391 iniquitas
1147 1298 1355 1393 venena
1398 1311 1480 1366 sui
1530 1309 1708 1367 cordis
1737 1298 1978 1365 effundit.
2015 1304 2121 1363 Per

539 1396 747 1487 clavem
790 1406 940 1481 putei
992 1411 1238 1487 potestas
1272 1398 1598 1487 temperans
1635 1396 1979 1470 exprimitur,
2014 1412 2120 1468 qua

539 1482 798 1585 antiquus
822 1482 1169 1579 adVersarius
1207 1485 1277 1548 ad
1303 1504 1559 1563 perversa
1593 1489 1840 1565 dogmata
1869 1485 2123 1557 reprobo-

542 1578 665 1655 rum
693 1604 790 1659 ora
838 1585 1090 1663 resolvit;
1115 1599 1236 1657 quae
1286 1580 1536 1654 dogmata
1567 1588 1714 1655 recte
1738 1578 1883 1637 fomo
1908 1592 2125 1650 compa-

541 1692 768 1759 rantur,
800 1662 926 1750 quia
949 1662 1133 1743 lumen
1156 1672 1401 1731 veritatis
1440 1671 1541 1729 sibi
1592 1668 1645 1759 in
1689 1668 1971 1742 ealiginem
2001 1664 2123 1724 Ver-

1368 256 1444 334 a.“
1467 254 1798 332 FI'ALBINI
1835 269 1969 329 seu
2006 262 2282 324 ALCUlNl
2317 260 2602 318 orenuu
2639 258 2821 315 psus
2856 258 2923 314 ιι.

2130 380 2181 441 Α
2208 393 2293 433 res
2324 386 2501 433 autem
2530 376 2758 442 robusti,
2782 383 2836 431 et
2863 375 3005 430 inter
3033 371 3391 429 tentationum
3431 379 3629 427 ventos
3654 364 3806 443 (rna-

3652 255 3799 311 illo

2212 472 2335 528 dam
2362 470 2656 526 stabilitate
2697 467 2946 524 radicatl.
2977 465 3116 534 Quid
3149 465 3254 520 hoc
3281 470 3443 519 omne
3468 458 3667 526 viride.
3712 462 3806 525 nl

2212 562 2426 621 omnem
2460 564 2709 618 arboreta
2736 562 2959 617 locusta:
2981 554 3179 613 laedere
3194 555 3551 627 prohibentur
3564 556 3595 609 τ
3619 553 3663 610 8
3682 563 3806 612 mo

2210 670 2339 730 pars
2367 655 2712 728 intelligenda
2740 660 2845 720 est,
2890 660 3012 724 quae
3038 650 3108 706 ab
3145 648 3237 705 illa
3280 648 3499 704 nam
3526 654 3804 705 Mr.

2212 744 2470 803 Homines
2495 749 2676 817 itaque
2704 746 2915 816 s‘igitum
2938 743 3041 799 Dei’
3061 743 3116 797 in
3147 732 3418 796 frontibus
3456 746 3567 795 noli
3593 736 3809 797 laben-

2214 842 2321 905 t’es,
2350 846 2477 895 sunt
2504 839 2595 910 qui
2624 853 2687 893 ea
2736 834 2843 892 Ide
2890 820 3009 906 qﬁe
3031 842 3130 904 per
3154 832 3497 888 dilectionem
3522 838 3810 902 operatur,

2214 947 2319 987 non
2349 930 2570 1003 pollent.
2605 929 2792 1003 (Vens.
2821 926 2900 999 5.)
2928 928 2994 982 Et
3024 925 3207 981 da'tum
3253 935 3331 979 est
3371 924 3479 980 illi!
3509 932 3575 978 ne
3601 925 3811 980 occide-

2217 1028 2330 1078 rent
2379 1038 2485 1088 eos,
2521 1020 2614 1078 sed
2645 1022 2705 1075 ut
2735 1021 3030 1076 cruciarent
3058 1006 3235 1073 adhuc
3261 1017 3525 1072 mensibus
3554 1017 3810 1088 quinque.

2219 1106 2275 1170 Si
2305 1108 2518 1188 reprobi
2544 1122 2669 1171 sunt
2699 1106 2792 1185 qui
2821 1109 3030 1183 signum
3055 1120 3163 1164 non
3185 1107 3407 1174 hé‘bent,
3437 1109 3719 1179 quomodo
3742 1109 3814 1163 ab

2218 1208 2405 1264 eorum
2437 1202 2816 1262 interiectione
2844 1202 3069 1259 locustie
3092 1190 3488 1272 prohibentur?
3535 1200 3625 1254 An
3672 1196 3817 1255 forte

2220 1296 2312 1371 qui
2339 1296 2551 1371 signum
2578 1294 2671 1352 Dei
2715 1311 2820 1351 non
2860 1294 3082 1358 habent,
3108 1290 3339 1346 vivunt?
3371 1289 3721 1360 Quapropter
3747 1289 3818 1344 ad

2221 1368 2553 1459 superiorem
2586 1384 2906 1442 sententiam
2937 1378 2993 1438 ﬁt
3019 1379 3347 1438 subauditio.
3379 1376 3611 1434 Dicatur
3639 1394 3814 1446 ergo:

2220 1474 2417 1539 Datum
2443 1474 2524 1535 est
2554 1477 2628 1534 eis
2657 1495 2720 1533 ne
2757 1474 3045 1532 occiderent
3080 1470 3184 1536 eos‘,
3228 1466 3320 1527 sed
3347 1480 3405 1526 ut
3435 1470 3822 1526 cruciarentur

2222 1570 2483 1630 mensibus
2505 1573 2766 1644 quinque;
2795 1566 2849 1625 id
2885 1574 2967 1624 est
2998 1575 3055 1622 nt
3085 1564 3325 1622 hmretici
3365 1576 3472 1619 non
3497 1565 3718 1636 pOSsint
3744 1564 3821 1618 si-

2224 1656 2417 1737 gnatos
2446 1658 2730 1733 decipere;
2756 1656 2848 1717 sed
2877 1658 3167 1715 eruciando
3192 1657 3245 1713 in
3272 1658 3530 1728 praesenti
3556 1656 3672 1711 vita
3698 1672 3824 1727 pro—

541 1736 1090 1845 ξιῑςεῖρίοῑπίωιεπέ
1119 1762 1241 1828 ad...
1270 1770 1433 1847 eam
1461 1768 1516 1841 in
1561 1754 1683 1822 ams
2045 1762 2127 1815 τε·
2156 1736 2203 1799 υ
2228 1736 2378 1821 κάετε.
2403 1770 2523 1827 quae
2542 1756 2783 1847 quinque,
2803 1750 3049 1809 εεηέεδυε
3076 1748 3322 1824 corpore
3360 1746 3589 1824 τέείιίπν
3618 1750 3827 1821 παίω

544 1870 763 1928 dentur.
787 1858 1005 1925 Fornax
1032 1873 1209 1919 autem
1239 1876 1458 1930 magna,
1490 1856 1810 1914 Antichristi
1840 1862 1923 1909 est
1947 1866 2130 1924 perse-

547 1960 716 2025 cutio,
740 1958 808 2013 de
833 1971 939 2027 qua
973 1953 1153 2010 fumus
1194 1951 1494 2025 egreditur,
1521 1949 1574 2005 id
1599 1957 1683 2004 est
1729 1961 1985 2018 perversa
2035 1945 2131 1999 do-

544 2055 747 2120 ctrina,
775 2066 896 2123 quze
918 2047 1262 2123 pereuntium
1285 2046 1495 2101 animas
1524 2043 1579 2099 in
1620 2042 1901 2113 caliginem
1932 2047 2127 2095 vertat.

551 2144 661 2202 Sed
676 2142 946 2223 quomodo
966 2140 1145 2217 fumus
1170 2126 1271 2195 iste
1296 2134 1707 2223 similis'dicitur
1730 2131 1877 2187 fumo
1899 2129 2132 2187 fornacis

550 2232 795 2304 magna?
823 2246 946 2289 eum
996 2226 1257 2307 Dominus
1301 2228 1367 2283 de
1416 2224 1509 2297 illa
1560 2223 1906 2301 tribulatione
1941 2223 2129 2278 dicat:

551 2325 670 2385 Erit
700 2333 823 2381 tunc
848 2319 1116 2381 tribulatio
1143 2337 1354 2391 magna,
1385 2325 1439 2395 et
1482 2315 1691 2386 reliqua
1737 2313 1952 2386 (Matth.
1981 2330 2131 2380 xstv,

550 2417 665 2493 Si).
698 2416 985 2475 Sciendum
1011 2430 1140 2485 ergo
1188 2413 1314 2485 quia
1343 2402 1448 2467 non
1477 2416 1697 2482 propter
1738 2416 2004 2463 tormenta
2048 2407 2136 2464 vel

548 2507 690 2573 falsa
718 2507 965 2579 dogmata
995 2503 1283 2579 immanior
1302 2501 1552 2577 omnibus
1575 2499 1662 2556 illa
1688 2500 1910 2566 dicitur,
1940 2499 1994 2555 in
2016 2500 2136 2571 qui-
2172 2540 2180 2545 .

553 2600 659 2681 bus
686 2600 791 2657 ista
819 2599 1013 2661 similis
1032 2606 1139 2664 est,
1164 2597 1257 2673 sed
1285 2603 1505 2671 propter
1555 2592 1939 2649 miraculorum
1982 2593 2136 2665 signa

552 2706 653 2771 per
673 2706 794 2763 quae
814 2689 990 2760 magis
1018 2687 1266 2761 decipiet.
1309 2684 1379 2759 Et
1424 2683 1730 2741 obscuratus
1760 2693 1835 2739 est
1871 2682 2017 2738 solet
2046 2700 2139 2737 aer

555 2780 622 2861 de
642 2782 789 2854 fumo
814 2780 971 2857 putei.
999 2774 1139 2837 Eetie
1163 2778 1384 2851 quintus
1409 2775 1628 2849 angelus
1648 2776 1761 2849 jam
1786 2774 1983 2831 factum
2008 2773 2139 2829 dicit

452 2948 457 2949 ί
556 2874 619 2947 in
658 2873 771 2933 sole
789 2881 846 2931 et
874 2888 1021 2940 aere,
1049 2872 1192 2945 quod
1218 2879 1445 2943 quartus
1470 2872 1523 2927 in
1553 2869 1696 2936 sole,
1723 2868 1848 2925 luna
1891 2875 1944 2923 et
1972 2864 2139 2924 stellis

556 2962 800 3045 buturum
823 2964 1163 3039 praedixerat.
1197 2952 1384 3039 (Vens.
1411 2961 1489 3034 ὅ.)
1520 2960 1588 3017 Et
1616 2958 1679 3016 de
1718 2962 1862 3033 fumo
1903 2962 2139 3017 exierunt

2227 1858 2349 1922 apte
2372 1849 2623 1920 congruit
2647 1846 2790 1918 quod
2811 1846 3054 1918 sequitur
3085 1860 3099 1900 :

2301 1958 2368 2015 Et
2388 1961 2650 2016 cruciatus
2676 1974 2876 2024 eorum,
2903 1966 2961 2012 ut
2983 1952 3250 2011 cruciatus
3267 1956 3456 2027 scorpii
3480 1973 3597 2011 cum
3617 1973 3824 2029 percu-

2230 2054 2292 2109 tit
2320 2052 2602 2108 hominem.
2633 2050 2704 2107 Ut
2728 2048 2979 2106 videlicet
3029 2047 3188 2104 electi
3234 2048 3512 2129 posteriora
3548 2058 3816 2102 eontem-

2230 2155 2441 2223 nentes,
2468 2154 2524 2205 et
2552 2138 2617 2199 ad
2640 2160 2702 2200 ea
2731 2159 2850 2214 qua:
2876 2151 2999 2221 ante
3026 2151 3151 2198 sunt
3181 2138 3483 2213 sentietipsos
3506 2132 3823 2196 extenden-

2237 2246 2334 2305 tes,
2386 2252 2455 2303 εχ
2501 2253 2566 2292 eo
2609 2237 2677 2292 ab
2718 2235 2839 2291 aliis
2872 2234 3029 2306 affligi
3079 2234 3393 2300 credantur,
3419 2224 3560 2304 quod
3589 2231 3700 2300 ipsi
3728 2246 3832 2300 per

2233 2337 2598 2398 contemptum
2624 2326 2807 2381 saeculi
2835 2325 3102 2399 respuisse
3126 2323 3413 2389 videntur;
3445 2314 3498 2377 id
3516 2329 3606 2375 est
3624 2318 3711 2374 vel
3733 2334 3826 2389 po-

2235 2427 2429 2474 testate
2459 2410 2704 2491 smeulari
2732 2404 2815 2471 vel
2840 2410 2993 2471 malae
3026 2406 3363 2471 credulitatis
3391 2427 3605 2468 errore.
3634 2410 3821 2483 (Vsus.

2234 2508 2314 2583 6.)
2343 2508 2410 2562 Et
2434 2508 2487 2563 in
2519 2488 2697 2562 diebus
2721 2505 2826 2560 illis
2847 2514 3078 2579 quwrent
3108 2506 3340 2560 homines
3370 2512 3620 2568 mortem,
3650 2511 3701 2555 et
3728 2517 3830 2555 non

2236 2598 2517 2675 invenient,
2568 2596 2786 2671 cupient
2832 2595 2987 2662 mori,
3033 2596 3083 2649 et
3109 2590 3275 2666 fugiet
3306 2609 3447 2648 mors
3477 2586 3543 2646 ab
3580 2592 3679 2645 eis.
3708 2588 3833 2647 Dies

2239 2689 2326 2744 isti
2357 2674 2424 2743 ab
2444 2674 2685 2767 adventu
2712 2685 2923 2742 Domini
2949 2702 3116 2756 usque
3140 2684 3204 2741 ad
3227 2682 3388 2741 ﬁnem
3418 2682 3610 2740 seculi
3640 2682 3832 2737 decur-

2240 2786 2384 2835 runt.
2418 2768 2642 2851 Mortem
2692 2777 2889 2847 quippe
2934 2776 3089 2832 electi
3137 2781 3405 2867 quaerunt,
3459 2790 3589 2829 cum
3623 2780 3833 2828 secreta

2241 2869 2653 2927 conversatione
2674 2868 2784 2947 Deo
2807 2864 3069 2922 inhaerere
3095 2860 3316 2936 cupiunt
3351 2883 3365 2919 :
3394 2860 3491 2920 sed
3523 2860 3665 2936 fugit
3689 2877 3834 2918 mors

2241 2963 2309 3019 ab
2337 2962 2437 3026 eis,
2465 2958 2590 3032 quia
2633 2975 2727 3015 eos
2756 2964 2848 3014 aut
2893 2956 3169 3030 regiminis
3200 2954 3487 3011 insolubile
3530 2952 3834 3022 vinculum,

557 3040 774 3143 locusta
804 3056 861 3113 in
879 3065 1096 3115 terram.
1124 3046 1295 3133 Digne
1322 3056 1419 3131 p‘er
1446 3054 1681 3111 loeustas
1731 3053 1968 3108 haeretici
1997 3052 2138 3131 desi-
2164 3089 2212 3153 c
2244 3062 2335 3108 aut
2359 3050 2629 3107 inferioris
2654 3048 2853 3122 gradus
2872 3048 3141 3120 astring’t.
3173 3044 3359 3119 (Vens.
3387 3045 3468 3118 7.)
3495 3040 3567 3100 Et
3590 3046 3837 3099 similitu‘

559 3138 812 3237 gnantttr.
843 3140 1163 3237 Sientenim
1191 3143 1280 3237 ille
1307 3161 1408 3200 nec
1436 3140 1673 3215 perfecte
1710 3150 1767 3198 ut
1797 3144 1923 3200 aves
1952 3141 2138 3197 volan-

559 3220 667 3307 ὗες,
692 3252 792 3303 nec
810 3228 1074 3313 gradatim
1092 3220 1342 3323 passibus
1361 3245 1667 3312 pergentes,
1696 3236 1788 3292 sed
1816 3234 1989 3323 saltus.
2008 3234 2139 3291 dan-

560 3335 647 3415 tes
673 3336 834 3387 term
861 3335 980 3389 sata
1000 3320 1251 3413 videntur
1275 3324 1592 3395 corrodere;
1622 3328 1700 3385 sic
1730 3328 1815 3384 isti
1840 3344 1941 3383 nec
1968 3320 2139 3401 plenze

562 3414 804 3508 scientia
830 3414 1093 3488 volatum,
1118 3436 1219 3508 nec
1258 3418 1511 3508 perlecta:
1538 3420 1869 3489 operationis
1894 3435 2138 3493 gressum

565 3504 851 3593 babentes,
874 3510 969 3568 sed
995 3508 1126 3568 solis
1150 3504 1444 3567 elationum
1474 3506 1700 3567 Saltibus
1722 3512 1874 3576 moti,
1904 3512 2142 3568 inaudita

564 3598 911 3685 pmdicando
937 3614 1227 3681 pravorum
1263 3601 1473 3656 animas
1498 3610 1710 3656 necant.
1762 3600 1837 3659 De
1870 3599 2015 3657 fumo
2045 3601 2145 3674 igi-

567 3684 662 3750 tur
682 3692 901 3753 locustte
927 3698 1149 3777 exeunt,
1170 3706 1293 3759 cum
1339 3706 1406 3747 ex
1448 3684 1717 3748 haereticis
1759 3690 2001 3748 haeretici
2048 3708 2147 3747 na-

569 3791 816 3859 amttitur.

641 3875 713 3937 Et
753 3876 881 3953 data
912 3882 990 3953 est
1023 3873 1129 3953 illis
1162 3884 1407 3947 potestas,
1434 3874 1568 3930 sicut
1618 3872 1807 3930 habent
1845 3878 2148 3947 potestatem

571 3967 868 4049 georpiones
909 3974 1083 4025 terra.
1128 3962 1376 4021 Potestas
1400 3966 1743 4037 scorpionum
1774 3966 1828 4021 in
1869 3966 2039 4021 cauda
2067 3974 2150 4037 est

572 4066 818 4115 extrema
854 4057 1120 4145 corporis.
1149 4056 1240 4113 Sic
1275 4054 1649 4127 temporalitas
1671 4074 1701 4112 a
1735 4058 2021 4128 semetipsa
2052 4054 2148 4112 de-

573 4143 979 4231 iiciensatergo
1005 4144 1360 4221 relinquitur;
1383 4149 1537 4221 quasi
1562 4147 1706 4204 enim
1726 4150 1870 4204 retro
1891 4156 1975 4223 est
1992 4162 2151 4204 omne

574 4228 721 4321 quod
764 4228 979 4315 transit,
1029 4248 1157 4297 ante
1200 4256 1330 4298 vero
1381 4241 1525 4312 quod
1560 4244 1861 4321 permanet.
1905 4234 2152 4297 Locusta:

575 4318 704 4405 ergo
732 4332 794 4388 tit
820 4331 1132 4403 scorpiones
1158 4339 1317 4388 terra:
1355 4318 1582 4389 nocendi
1632 4341 1956 4405 potestatem
2012 4333 2151 4388 acci-

2240 3145 2386 3201 dtnes
2435 3142 2781 3208 locustarum,
2824 3140 3017 3195 similes
3063 3138 3205 3210 equis
3232 3134 3433 3208 paratis
3480 3139 3537 3191 in
3569 3136 3831 3209 prteliuut,

2237 3240 2285 3307 et
2326 3252 2483 3307 super
2508 3233 2679 3306 capita
2708 3250 2887 3289 eorum
2916 3243 3161 3305 tanquam
3197 3247 3403 3286 corona:
3447 3230 3657 3285 similes
3677 3247 3826 3284 auro.

2239 3322 2466 3397 Propter
2488 3324 2725 3381 velocem
2750 3322 3074 3389 discursum,
3104 3330 3251 3379 recte
3289 3320 3535 3378 haeretici
3580 3322 3640 3378 in
3688 3323 3840 3392 equis

2240 3417 2635 3487 exprimuntur.
2666 3414 2847 3469 Parati
2869 3410 3047 3469 autem
3078 3423 3202 3470 sunt
3229 3413 3281 3468 in
3308 3413 3558 3486 praelium
3577 3414 3843 3469 adversus

2242 3523 2336 3564 eos
2383 3506 2447 3562 de
2476 3506 2671 3578 quibus
2719 3504 2773 3561 in
2824 3500 3077 3560 llabacue
3100 3503 3299 3578 dicitur
3331 3523 3344 3559 :
3375 3487 3570 3559 Hisisti
3601 3502 3658 3559 in
3690 3519 3848 3560 mare

2243 3614 2412 3669 equos
2437 3576 2555 3653 tuos
2580 3599 2865 3655 turbantes
2898 3614 3067 3671 aquas
3110 3576 3308 3654 multas
3340 3596 3579 3670 (Hahae.
3611 3614 3705 3664 ιιι,
3734 3597 3843 3669 i5).

2246 3688 2350 3746 Sed
2379 3691 2502 3762 quia
2524 3688 2752 3745 Domino
2778 3689 2988 3746 favente
3019 3708 3124 3747 non
3156 3700 3431 3762 superant,
3459 3688 3585 3745 ideo
3612 3705 3725 3744 non
3751 3704 3841 3743 co-

2246 3798 2424 3845 ronas,
2456 3781 2547 3837 sed
2575 3782 2729 3853 quasi
2755 3797 2981 3837 coronas
3011 3780 3212 3837 habere
3255 3780 3531 3836 dicuntur.
3575 3781 3663 3835 Ac
3695 3780 3743 3835 si
3769 3778 3843 3833 di-

2247 3883 2500 3931 ceretur:
2533 3871 2642 3929 Nec
2662 3889 2877 3930 corona:
2900 3890 2999 3929 nec
3028 3878 3094 3929 ex
3120 3889 3271 3937 auro,
3304 3872 3398 3928 sed
3426 3871 3715 3943 quoddam
3744 3870 3839 3925 fal-

2248 3964 2424 4022 sitatis
2454 3963 2769 4038 llgmeutum
2796 3973 2971 4021 erant.
3002 3964 3071 4021 Et
3111 3966 3271 4038 facies
3297 3982 3480 4020 earum
3508 3966 3663 4021 sicut
3686 3965 3841 4036 facies

2249 4057 2541 4125 hominum,
2570 4057 2755 4130 (Vens.
2789 4058 2822 4115 8
2852 4054 2869 4132 )
2898 4066 2946 4113 et
2989 4052 3245 4113 habebant
3284 4057 3502 4128 capillos
3530 4057 3841 4111 mulierum.

2249 4146 2440 4206 Facies
2484 4148 2815 4206 locustarum
2840 4148 3034 4206 similis
3076 4147 3230 4223 faciei
3258 4147 3528 4211 humanae,
3563 4148 3845 4202 simulatio

2250 4252 2332 4299 est
2361 4243 2603 4300 rationis.
2635 4242 2821 4317 Capilli
2851 4260 2980 4300 vero
3021 4243 3330 4308 mulierum,
3370 4249 3500 4297 sunt
3541 4240 3846 4297 eﬂeminati

2252 4354 2431 4401 mores
2476 4336 2874 4395 haereticorum.
2922 4335 3114 4403 Aliter,
3166 4352 3271 4408 pen
3314 4325 3487 4390 facies
3532 4335 3845 4399 hominum,

573 4424 749 4507 piunt,
774 4423 899 4507 quia
923 4412 1164 4493 hzeretici
1211 4424 1599 4495 temporalibus
1625 4414 1741 4480 fulti
1767 4422 2145 4497 potestatibus,
2181 4440 2233 4505 ι)
2253 4430 2388 4495 viri;
2415 4445 2513 4501 per
2536 4424 2758 4503 capillos
2786 4428 3097 4495 mulierum,
3125 4429 3237 4500 ipse
3281 4443 3440 4483 sexus
3480 4436 3667 4498 potest
3694 4427 3851 4482 intel-

576 4526 678 4599 pel'
704 4525 769 4566 ea
797 4519 1006 4587 tantum
1036 4527 1156 4599 qua:
1183 4519 1331 4568 retro
1358 4521 1485 4569 sunt
1509 4522 1723 4585 nocent.
1758 4514 1944 4595 (Vens.
1976 4508 2053 4588 ι.)
2087 4514 2157 4571 Et

573 4610 889 4674 praeceptum
926 4610 1001 4657 est
1029 4600 1135 4657 illis
1171 4620 1234 4658 ne
1275 4600 1520 4659 la’derent
1559 4602 1737 4677 fenum
1781 4614 1955 4674 terrm,
1996 4624 2158 4680 neque

576 4710 731 4767 omne
753 4695 933 4778 uiride,
958 4715 1120 4771 neque
1140 4702 1342 4756 omnem
1364 4701 1623 4766 arborem,
1642 4702 1743 4757 nisi
1764 4711 1965 4760 tantum
1987 4704 2157 4760 homi-

576 4800 667 4857 nes
693 4786 785 4859 qui
804 4802 909 4842 non
944 4786 1131 4844 habent
1156 4790 1359 4867 signum
1392 4788 1492 4847 Dei
1518 4790 1574 4846 in
1613 4792 1871 4863 frontibus
1897 4796 2024 4851 suis.
2055 4795 2157 4851 Su-

575 4875 781 4971 perior‘
802 4892 994 4951 sensus
1020 4878 1300 4949 repetitur,
1329 4878 1429 4971 ubi
1476 4880 1699 4955 angelus
1747 4885 1815 4940 ab
1856 4894 1976 4941 ortu
2026 4887 2157 4943 solis

583 4965 901 5034 ascendens,
930 4977 1162 5038 quatuor
1187 4969 1390 5041 angelis
1421 4971 1513 5042 qui
1541 4989 1684 5029 nunc
1722 4975 1776 5029 in
1818 4974 2041 5034 locustis
2064 4978 2150 5032 in-

578 5055 893 5141 telliguntur
928 5060 1203 5130 praeepit,
1257 5076 1325 5118 ne
1366 5072 1623 5120 nocerent
1672 5072 1849 5135 terrae,
1892 5075 1946 5123 et
1992 5069 2149 5134 mari,

582 5163 759 5223 neque
786 5150 1089 5221 arboribus.
1118 5148 1252 5209 Nam
1280 5169 1378 5226 per
1406 5152 1615 5224 fenum,
1665 5157 1808 5228 quod
1845 5174 1952 5214 non
1982 5152 2154 5213 homi-

580 5254 733 5310 num,
779 5238 875 5297 sed
916 5240 1229 5302 animalium
1276 5245 1428 5301 cibus
1471 5255 1577 5315 est,
1607 5248 1815 5319 parvuli
1852 5248 1906 5304 in
1937 5247 2154 5305 Christo

580 5326 957 5403 designantur,
983 5335 1048 5392 de
1073 5335 1323 5408 qualibus
1348 5335 1637 5407 Apostolus
1670 5358 1683 5393 :
1717 5339 1972 5395 Animalis
1999 5341 2153 5396 homo

580 5436 687 5507 non
705 5421 924 5507 percipit
956 5441 1017 5483 ea
1053 5443 1169 5507 quae
1196 5435 1318 5482 sunt
1338 5428 1549 5501 spiritus
1582 5428 1677 5484 Dei
1702 5429 1757 5502 (Ῑ
1795 5430 1918 5487 Cor.
1949 5449 2009 5497 ll,
2041 5433 2150 5506 l4).

579 5506 685 5569 Phr
705 5506 939 5570 Virentia
963 5529 1111 5581 vero,
1133 5506 1203 5574 ex
1223 5517 1421 5590 quibus
1438 5517 1668 5592 plurima
1687 5520 1741 5575 in
1763 5521 1963 5577 victum
1979 5524 2154 5580 homi-

580 5617 710 5659 num
754 5604 949 5674 solent,
981 5606 1039 5662 in
1065 5607 1171 5665 fide
1197 5610 1558 5681 proficientes,
1607 5619 1663 5667 et
1714 5611 1782 5668 ad
1808 5614 2044 5683 paradisi
2074 5618 2156 5673 vi-

580 5694 756 5758 rentia
778 5694 1133 5771 desideranda
1161 5702 1554 5775 quodammodo
1579 5703 1837 5776 aptiores.
1867 5704 1972 5762 Per
1994 5706 2152 5764 arbo-

2256 4523 2370 4596 ligi.
2402 4523 2537 4581 Nam
2563 4531 2618 4581 et
2646 4523 2962 4579 feminarum
2992 4522 3144 4578 favor
3170 4521 3440 4578 haereticis
3462 4518 3593 4576 fuit.
3627 4520 3700 4575 Et
3724 4520 3852 4575 den-

2256 4626 2331 4689 tes
2361 4633 2541 4672 earum
2564 4625 2618 4670 ut
2648 4615 2854 4672 leonum
2872 4626 3037 4673 erant.
3072 4604 3268 4673 Dentes
3296 4614 3508 4670 leonum
3538 4613 3851 4670 naturalem

2258 4708 2433 4789 solent
2454 4705 2646 4763 afferre
2667 4707 2950 4785 pudorem,
2983 4707 3037 4762 in
3065 4707 3263 4782 quibus
3292 4706 3678 4763 haereticorum
3708 4702 3856 4761 fetor

2258 4800 2577 4871 ostenditur.
2604 4799 2756 4875 Quod
2778 4808 2957 4856 autem
2980 4799 3223 4875 sequitur
3251 4818 3264 4854 :
3298 4796 3484 4872 (Vsus.
3515 4797 3571 4870 9)
3620 4796 3695 4852 Et
3754 4798 3856 4851 Ira—

2262 4892 2444 4947 bebant
2471 4876 2661 4951 loricas
2701 4892 2834 4947 sicut
2871 4890 3061 4946 loricas
3089 4889 3625 4962 ferreas;obfirrnata
3656 4898 3857 4944 contra

2255 4980 2539 5045 veritatem
2571 4988 2626 5036 et
2650 4983 2783 5036 dura
2810 4980 3047 5051 ipsorum
3063 4972 3233 5037 corda
3262 4976 3621 5045 demonstrat,
3662 4994 3738 5033 ne
3768 4992 3857 5032 sa.

2258 5071 2393 5147 gitta
2416 5058 2667 5128 veritatis
2686 5079 3055 5143 penetrentur.
3081 5070 3153 5125 Et
3187 5088 3288 5127 vos:
3314 5071 3521 5127 alarum
3558 5071 3699 5124 sicut
3729 5086 3859 5124 cur-

2259 5182 2436 5230 ruum,
2461 5182 2560 5221 vos:
2585 5183 2831 5237 equorum
2852 5165 3135 5229 multorum
3176 5164 3495 5220 currentium
3534 5162 3591 5218 in
3625 5163 3851 5218 bellum.

2258 5258 2363 5314 Per
2387 5258 2500 5313 alas
2528 5258 2878 5324 locustarum,
2906 5259 3101 5314 elatam
3128 5254 3505 5314 haereticorum
3554 5256 3857 5312 scientiam

2258 5348 2627 5421 intelligimus,
2651 5364 2880 5420 quarum
2923 5346 3030 5404 vos
3079 5349 3217 5406 bene
3262 5361 3517 5403 curruum
3543 5346 3861 5403 multorum

2255 5454 2515 5511 equorum
2545 5448 2601 5494 et
2631 5439 2791 5495 simul
2813 5439 2867 5494 in
2907 5438 3109 5494 bellum
3132 5437 3465 5494 currentium
3497 5432 3699 5492 similis
3726 5450 3864 5494 esse

2257 5529 2454 5607 dicitur
2477 5546 2491 5582 :
2517 5536 2573 5584 et
2598 5528 2939 5602 dogmatibus
2960 5528 3200 5587 haeretici
3223 5529 3542 5609 semetipsos
3570 5526 3862 5596 dividunt.

2254 5626 2310 5705 et
2334 5617 2475 5675 uniti
2524 5629 2711 5675 contra
2755 5616 3051 5694 Ecclesium
3076 5606 3356 5683 dimicant.
3404 5606 3594 5693 (Vsus.
3626 5614 3749 5690 to.)
3782 5615 3862 5671 Et

2254 5704 2507 5771 habebant
2530 5710 2729 5769 caudas
2766 5706 2960 5768 similes
2988 5712 3342 5787 scorpionum,
3365 5714 3415 5767 et
3437 5704 3613 5767 aculei
3631 5709 3693 5766 in
3719 5726 3862 5767 cal-
