4088 6330
252 341 384 400 illi

1029 341 1438 400 EXEGETICA.
1463 373 1534 384 —
1567 337 1918 398 COMMENT.
1957 335 2027 394 IN
2065 335 2354 394 APOCAL.
2381 335 2590 394 —LlB.
2631 333 2719 392 IV.

3363 321 3502 382 1142

251 459 334 513 dis
356 473 558 512 earum.
592 453 830 512 Potestas
852 472 1030 514 earum
1051 475 1231 514 nocere
1259 458 1552 514 hominibus
1575 457 1832 512 mensibus
1859 455 1906 512 A
1935 451 2036 505 nisi
2063 461 2152 504 tuo
2170 451 2390 522 judicio,
2422 449 2562 520 quod
2590 449 2644 503 in
2674 447 2848 518 capite
2876 451 3108 510 εοηειειι,
3132 441 3378 514 (ιυοόιιιιθ
3405 455 3506 510 Pro

253 552 500 624 quinque.
531 551 608 606 De
633 551 818 608 caudis
845 553 1184 622 scorpionum
1227 551 1340 622 jam
1389 552 1590 606 dictum
1633 559 1733 606 est.
1763 549 1832 604 Et

224 651 386 698 .nota
441 645 584 718 quod
633 643 922 714 Apostolus
970 643 1208 698 aculeum
1261 657 1544 714 peccatum
1570 642 1718 698 dicit.
1754 641 1829 696 De

227 737 492 806 iqninque
537 735 810 790 mensibus
833 737 888 790 in
914 735 1174 805 superiori
1209 735 1322 802 jam
1353 736 1552 790 dictum
1580 741 1679 789 est.
1723 730 1830 788 Sed

253 827 366 883 illic
391 829 456 881 de
484 827 660 890 bonis,
689 827 778 882 hic
817 828 880 881 de
919 827 1075 881 malis
1095 827 1240 885 dicit,
1269 828 1392 898 quia
1416 826 1534 882 illos
1562 823 1826 888 cruciant,

217 949 220 952 ι
253 920 346 974 sed
379 935 486 972 non
506 920 788 986 occidunt;
822 920 953 974 istos
976 927 1150 974 autem
1175 935 1280 973 non
1306 919 1570 982 cruciant,
1614 915 1705 971 sed
1737 931 1829 969 no-

253 1009 423 1063 cendo
472 1010 765 1080 perimunt,
816 1017 909 1064 aut
936 1010 1176 1064 doctrina
1206 1024 1477 1077 perversa,
1511 1015 1602 1061 aut
1629 1017 1830 1076 tempo-

250 1099 348 1154 rali
381 1101 640 1168 potentia.
673 1099 858 1171 (Vens.
893 1098 1001 1170 11.)
1031 1097 1096 1152 Et
1119 1098 1374 1152 habebant
1401 1111 1555 1168 super
1581 1114 1634 1150 se
1662 1111 1828 1166 regem

249 1189 496 1259 angelum
556 1191 759 1261 abyssi,
817 1192 900 1244 cui
957 1207 1141 1244 nomen
1199 1189 1452 1243 Hebraice
1506 1187 1826 1252 Abbaddon,

149 1351 152 1354 q
249 1277 430 1334 Graece
457 1279 736 1351 Apollyon,
764 1290 818 1336 et
837 1280 1021 1334 Latine
1041 1298 1224 1335 nomen
1247 1279 1409 1334 habet
1436 1279 1825 1334 Exterminans.

245 1371 518 1441 Antiquos
546 1373 718 1426 hostis
746 1381 852 1426 non
900 1371 1036 1426 adeo
1071 1383 1448 1440 perversorum
1489 1385 1584 1424 rex
1613 1369 1826 1436 dicitur,

246 1465 372 1534 quia
401 1465 634 1528 creavit,
681 1471 776 1518 aut
823 1462 978 1533 regit,
1027 1465 1118 1518 sed
1145 1463 1270 1533 quia
1298 1463 1410 1518 Deo
1435 1461 1582 1532 juste
1609 1461 1832 1530 permit-

245 1561 390 1608 tento
417 1553 766 1624 tyrannidem
784 1553 1166 1612 dominationis
1189 1561 1424 1609 exercet.
1449 1553 1514 1607 Et
1534 1563 1664 1606 nota
1679 1553 1828 1623 quia,

246 1649 306 1694 ut
330 1643 446 1710 jam
481 1641 684 1695 dictum
715 1651 816 1704 est,
842 1642 942 1712 ipsi
974 1649 1100 1696 sunt
1123 1643 1368 1713 alzyssus.
1397 1643 1566 1713 igitur
1583 1643 1708 1713 quia
1733 1641 1832 1695 fal-

1929 547 1982 596 te
2010 541 2138 594 etin
2164 549 2213 596 te
2239 539 2458 598 clamat:
2519 537 2653 593 Data
2700 546 2776 594 est
2812 534 2940 590 mihi
2987 533 3151 588 omnis
3175 537 3400 604 potestas
3449 534 3504 583 tn

1930 631 2053 686 ccclo
2082 641 2128 684 et
2160 631 2213 684 in
2235 639 2372 684 terra
2407 628 2622 702 (Matth.
2655 643 2845 694 sxw",
2879 622 2986 696 18).

1999 725 2162 780 Vens.
2193 723 2278 780 15.
2313 755 2384 762 -
2421 723 2491 776 Et
2517 721 2674 776 soluti
2702 730 2820 774 sunt
2834 727 3061 792 quatuor
3083 711 3274 786 angeli,
3305 709 3396 782 qui
3410 727 3504 782 pa-

1929 813 2034 868 rati
2064 823 2210 868 erant
2242 816 2296 870 in
2331 815 2537 878 horam,
2565 823 2611 866 et
2651 811 2810 876 diem,
2859 823 3084 863 mensem
3127 815 3174 860 et
3201 819 3419 868 annum,
3451 809 3506 854 ut

1930 905 2218 958 occiderent
2245 905 2448 959 tertiam
2471 913 2670 974 portent
2700 903 2986 956 hominum.
3039 897 3240 952 llornm
3286 893 3504 964 angelo-

1929 1011 2050 1050 rum
2095 997 2286 1050 solutio
2331 995 2634 1048 novissimae
2675 990 3067 1064 persecutionis
3106 987 3316 1040 initium
3368 984 3508 1037 desi-

1929 1097 2078 1162 gnat.
2153 1089 2340 1144 Parati
2373 1088 2524 1152 dicit,
2581 1087 2707 1155 quia
2739 1083 2982 1140 diabolus
3002 1095 3212 1148 semper
3241 1077 3508 1132 defectum

1929 1188 2207 1250 exspectat
2231 1181 2514 1234 bonorum.
2577 1177 2632 1230 ln
2667 1178 2820 1241 hora,
2871 1175 2974 1236 die,
3009 1186 3192 1227 mense
3243 1177 3297 1224 et
3345 1181 3504 1231 anno,

1931 1281 2160 1342 quatuor
2179 1280 2440 1341 tempora,
2479 1271 2530 1324 id
2565 1277 2648 1324 est
2691 1267 3001 1330 triennium,
3070 1273 3124 1318 et
3150 1277 3240 1316 sex
3271 1275 3503 1324 menses,

1931 1362 2126 1431 quibus
2173 1361 2260 1415 illa
2289 1361 2591 1431 persecutio
2626 1358 2912 1420 crassabit,
2947 1370 3042 1425 per
3063 1351 3400 1408 melalemsin
3425 1350 3508 1402 in-

1931 1452 2240 1524 telligimus.
2294 1453 2476 1508 Tertia
2502 1445 2628 1524 pars
2651 1449 2952 1522 hominum.
2980 1461 3098 1520 Quae
3119 1445 3290 1500 occidi
3321 1458 3510 1498 narra-

1933 1553 2038 1610 tur,
2079 1545 2131 1600 in
2161 1545 2394 1616 praelatis
2414 1553 2470 1600 et
2489 1545 2744 1612 subditis;
2797 1543 2850 1598 id
2876 1551 2960 1596 est
2986 1541 3038 1594 in
3077 1535 3388 1593 suasoribus
3456 1541 3512 1588 (ι

1931 1638 2106 1694 suasis
2127 1647 2362 1704 constat,
2385 1639 2510 1708 quia
2537 1638 2736 1692 mortui
2761 1645 3002 1690 mortuos
3028 1631 3291 1688 occident.
3320 1631 3506 1702 (Vens.

245 1733 436 1788 laciter
471 1733 576 1788 sibi
601 1733 800 1788 Christi
833 1747 1026 1788 nomen
1063 1747 1164 1805 per
1203 1733 1514 1789 damnatum
1554 1733 1830 1788 hominem
1934 1727 2044 1798 16.)
2077 1730 2146 1784 Et
2177 1747 2422 1786 numerus
2443 1730 2692 1802 equestris
2719 1729 2972 1784 exercitus
2997 1727 3146 1783 vicies
3167 1725 3351 1779 millies
3373 1724 3509 1776 dena

244 1825 438 1881 nititur
483 1839 764 1894 usurpare,
813 1833 1099 1895 propterea
1149 1827 1312 1882 trium
1341 1827 1644 1895 linguarum
1668 1839 1828 1880 voca-
1855 1805 1906 1866 Β
1933 1820 2098 1875 millia
2128 1821 2304 1875 audivi
2329 1837 2602 1875 numerum
2629 1837 2826 1876 eorum.
2884 1819 2982 1874 ilic
3015 1833 3272 1872 numerus
3319 1819 3397 1870 sic
3443 1813 3510 1868 ad

243 1917 388 1972 bulis
409 1915 708 1986 profertur,
741 1917 938 1986 quibus
961 1917 1141 1990 [Cod.,
1169 1917 1423 1990 quarum]
1455 1917 1832 1986 Redemptoris

249 2023 448 2062 nomen
477 2023 508 2061 a
535 2009 712 2062 Pilato
729 2019 1046 2079 expressum
1072 2009 1128 2063 in
1155 2011 1310 2065 titulo
1336 2009 1502 2065 fuisse
1525 2009 1834 2080 evangelica

247 2106 482 2154 testatur
505 2101 818 2154 auctoritas.
873 2099 981 2155 Sed
1019 2101 1144 2168 quia
1171 2101 1362 2154 beatus
1391 2101 1748 2170 Hieronymus
1777 2099 1832 2154 in

249 2191 602 2248 Hebraeorum
629 2191 906 2244 nominum
927 2191 1370 2260 interpretatione
1392 2207 1498 2244 non
1519 2189 1830 2255 Abbaddon,

250 2285 348 2338 sed
376 2281 702 2335 Labbaddon
739 2281 892 2348 dicit,
941 2289 1154 2335 constat
1196 2282 1321 2352 quia
1351 2282 1674 2352 scriptorum
1701 2282 1834 2336 vitio

247 2377 482 2448 primam
527 2374 766 2428 littera-tn
807 2374 1008 2439 amisit,
1049 2383 1106 2428 et
1143 2381 1266 2444 apte
1301 2373 1547 2430 diabolus
1591 2375 1834 2428 extermi-

250 2481 386 2520 nans
417 2465 634 2530 dicitur,
657 2465 782 2534 quia
807 2463 960 2519 stulti
987 2477 1086 2535 per
1126 2479 1252 2520 eum
1278 2465 1346 2519 ab
1386 2464 1684 2519 electorum
1726 2471 1836 2518 ter-

251 2559 401 2613 mino
430 2557 800 2623 eliminautur,
829 2565 885 2612 et
915 2553 984 2610 ad
1029 2565 1304 2628 perpetem
1349 2555 1540 2611 mortis
1583 2555 1830 2612 exsilium

252 2649 616 2706 deducuntur.

322 2739 488 2792 Vens.
517 2737 604 2790 12.
642 2765 712 2778 -
754 2735 848 2792 Vat
893 2751 1057 2792 unum
1091 2737 1236 2791 abiit.
1287 2736 1345 2794 id
1385 2747 1470 2792 est
1517 2737 1830 2792 narratione

249 2831 551 2904 prmcessit,
587 2829 674 2886 vel
703 2832 760 2885 in
795 2831 1109 2900 operatione
1134 2830 1393 2901 praeteriti
1441 2831 1700 2900 temporis
1732 2830 1832 2884 im-

247 2923 452 2994 pletum
478 2929 579 2976 est.
659 2921 794 2976 Ecce
823 2923 1035 2976 ccidunt
1080 2921 1188 2976 duo
1217 2937 1294 2978 sat
1334 2922 1606 2993 posthac,
1653 2921 1706 2977 id
1749 2929 1832 2976 est

248 3015 582 3079 narratione,
607 3013 692 3070 vel
716 3029 878 3084 opere
902 3017 958 3068 in
985 3013 1166 3070 futuro
1181 3015 1468 3085 implenda.
1506 3014 1690 3086 (Vens.
1717 3011 1832 3086 15.)

247 3105 378 3163 Post
407 3107 524 3162 haec
547 3115 594 3159 et
617 3115 792 3160 sextus
821 3105 1040 3176 angelus
1076 3105 1204 3160 tuba
1227 3107 1438 3173 cecinit,
1464 3115 1514 3160 et
1541 3105 1718 3160 audivi
1737 3123 1828 3160 eo-

247 3216 356 3252 cem
381 3198 541 3252 unius
568 3214 632 3251 ex
653 3197 894 3252 cornibus
913 3197 1104 3252 altaris
1127 3199 1274 3252 aurei
1293 3198 1429 3270 quod
1459 3206 1536 3252 est
1560 3207 1680 3252 ante
1708 3215 1834 3252 ocu-

247 3285 326 3341 los
363 3285 466 3341 Dei
511 3287 697 3357 (Vnus.
725 3285 814 3357 14)
843 3287 1100 3342 dicentem
1125 3295 1274 3342 sexto
1298 3285 1503 3358 angelo,
1544 3288 1634 3358 qui
1671 3286 1830 3341 habe-

248 3379 334 3433 bat
361 3379 576 3432 tubam:
606 3377 758 3432 Solve
778 3387 1006 3448 quatuor
1031 3378 1243 3448 angelos
1263 3380 1354 3450 qui
1391 3378 1596 3450 alligati
1637 3389 1758 3435 sunt
1775 3381 1833 3436 in

245 3469 466 3540 ﬂumine
483 3483 674 3538 magno
701 3467 990 3538 Euphrate.
1057 3467 1244 3524 Altero
1287 3467 1528 3524 Ecclesia
1576 3475 1689 3534 est;
1736 3485 1832 3524 au-

249 3575 402 3616 reum
442 3575 594 3625 vero,
643 3561 770 3630 quia
805 3575 1036 3630 superna
1083 3562 1346 3632 sapientia
1395 3561 1713 3618 illustratur.
1765 3563 1832 3618 Et

247 3661 376 3706 nota
397 3653 522 3721 quia
568 3661 694 3707 ante
717 3652 814 3706 Dei
844 3653 1030 3708 oculos
1053 3661 1138 3709 est
1161 3654 1352 3718 altare,
1401 3655 1656 3724 quoniam
1687 3655 1828 3712 oculi

247 3741 464 3797 Domini
518 3758 680 3812 super
720 3744 918 3814 iustos.
985 3743 1202 3800 Cornua
1254 3744 1444 3800 altaris
1489 3755 1614 3800 sunt
1657 3746 1829 3801 sancti

247 3836 652 3902 praedicatores.
697 3835 804 3890 Per
839 3853 1006 3890 unum
1041 3851 1172 3891 vero
1201 3851 1368 3889 cornu
1401 3837 1648 3904 princeps
1671 3837 1828 3888 intel-

247 3923 434 3992 ligitur
462 3925 896 3994 praedicatorum,
919 3927 972 3980 id
997 3933 1080 3979 est
1094 3925 1360 3980 Christus.
1398 3925 1500 3980 Hic
1527 3927 1656 3980 dicit
1678 3933 1830 3980 sexto

249 4017 442 4087 angelo
469 4017 596 4072 tuba
625 4017 862 4083 canenti,
888 4017 942 4073 id
973 4027 1056 4073 est
1079 4017 1333 4073 Ecclesiae
1361 4020 1618 4089 praedicat
1644 4027 1702 4074 ut
1724 4020 1830 4074 sol-

248 4111 342 4160 vat
387 4115 618 4176 quatuor
648 4106 884 4178 angelos,
934 4109 1060 4179 quia
1088 4115 1405 4177 potestatem
1455 4111 1506 4165 ei
1551 4111 1752 4180 ligandi.
1775 4115 1832 4166 et

249 4194 492 4250 solvendi
521 4203 578 4250 et
603 4195 658 4250 in
701 4195 856 4251 catlis
879 4205 934 4252 et
979 4197 1032 4251 in
1089 4205 1232 4253 terra
1272 4199 1492 4266 tribuit;
1533 4201 1829 4256 secundum

249 4286 408 4342 illud:
468 4285 1060 4359 Quwcunqueligaooris
1086 4289 1300 4362 (-Hatth.
1327 4309 1442 4360 XVI,
1481 4293 1591 4365 19),
1645 4305 1701 4350 et
1725 4309 1829 4350 ce-

249 4384 388 4432 tera.
442 4375 502 4431 In
540 4385 771 4446 quatuor
792 4387 974 4434 autem
1001 4380 1208 4450 angelis
1231 4382 1541 4437 universum
1571 4384 1829 4452 reprobo-

1857 3152 1906 3218 C

1931 1925 2176 1966 errorum
2202 1913 2584 1981 praedicatores
2618 1912 2923 1982 specialiter
2953 1911 3204 1974 refertur,
3243 1917 3302 1962 ut
3328 1917 3510 1962 tamen

1932 2006 2166 2060 seducue
2214 2007 2398 2076 plebes
2451 2007 2505 2060 in
2544 2006 2917 2062 seductoribus
2963 2003 3330 2073 intelligantur
3363 2039 3378 2066 ,
3417 1999 3510 2068 qui

1930 2103 2118 2149 contra
2161 2095 2456 2148 electorum
2498 2111 2782 2150 lllllllel'llln
2833 2095 3054 2150 veniens
3113 2093 3308 2162 duplex
3351 2089 3512 2146 simul

1929 2194 1986 2241 et
2003 2187 2088 2242 bis
2117 2185 2312 2241 millies
2343 2185 2726 2256 multiplivatus
2761 2185 3082 2240 ostenditur.
3145 2183 3280 2238 Nam
3307 2182 3372 2236 de
3394 2181 3510 2235 ele-

1930 2279 2032 2333 ctis
2055 2279 2270 2342 dicitur,
2287 2277 2486 2334 Curras
2509 2279 2606 2334 Dei
2628 2279 2801 2332 decem
2821 2276 3167 2348 milliaU’sal.
3185 2291 3356 2340 Lam,
3383 2275 3504 2341 48);

1931 2371 1998 2428 de
2021 2373 2139 2428 istis
2163 2387 2316 2438 vero,
2363 2373 2514 2428 uicies
2541 2371 2724 2428 millies
2748 2373 2880 2428 dena
2926 2370 3110 2426 millia.
3165 2369 3368 2439 Duplex
3403 2369 3507 2424 ita-

1931 2476 2036 2532 que
2057 2471 2158 2528 est,
2213 2464 2336 2533 quia
2362 2479 2428 2518 ex
2484 2463 2732 2532 malignis
2757 2461 3033 2533 spiritibus
3060 2469 3116 2516 et
3145 2459 3388 2532 reprobis
3413 2459 3510 2512 ho-

1930 2551 2168 2609 minibus
2189 2562 2418 2610 constat.
2449 2554 2638 2608 Restat
2653 2569 2781 2624 ergo
2804 2561 2861 2610 ut
2884 2561 3071 2610 contra
3093 2552 3368 2623 geminum
3393 2567 3508 2604 ma—

1931 2641 2042 2698 lum
2064 2643 2282 2699 dimicet
2305 2643 2530 2714 simplex
2547 2651 2764 2700 bonum.
2827 2644 3011 2714 (Vens.
3041 2643 3151 2714 17.)
3213 2641 3282 2696 Et
3305 2644 3376 2694 ita
3408 2641 3510 2694 vidi

1931 2750 2094 2805 equos
2117 2734 2173 2788 in
2191 2735 2406 2801 visione,
2457 2743 2505 2788 et
2546 2737 2634 2806 qui
2675 2734 2922 2788 sedebant
2947 2749 3102 2805 super
3125 2749 3212 2790 eos
3245 2732 3510 2786 habebant

1930 2823 2122 2880 loricas
2159 2827 2359 2897 igneas,
2401 2833 2450 2880 et
2478 2825 2864 2896 hyacinthinus,
2899 2835 2948 2880 et
2999 2824 3328 2896 sulphureas.
3373 2823 3509 2893 Equi

1931 2917 2044 2984 isti,
2083 2917 2138 2972 id
2163 2925 2248 2974 est
2283 2933 2530 2974 errorum
2555 2917 2958 2990 praedicatores,
3014 2919 3067 2972 in
3102 2918 3299 2988 quibus
3324 2923 3380 2974 et
3427 2931 3512 2972 se-

1932 3009 2078 3066 ducti
2103 3010 2494 3082 intelliguntur,
2551 3026 2792 3066 sessores
2835 3012 3107 3082 daemones
3141 3011 3366 3076 habent,
3401 3026 3510 3066 non

1935 3101 2005 3156 ad
2031 3102 2294 3173 regimen,
2323 3103 2418 3157 sed
2446 3103 2510 3156 ad
2552 3103 2929 3174 praecipitium.
2959 3071 3276 3164 Ltrricarutn.
3295 3104 3514 3160 nomine

1935 3190 2222 3261 impiorum
2251 3199 2517 3248 tormenta
2543 3193 2846 3262 ﬁgurantur
2871 3194 3026 3259 dura,
3081 3202 3136 3249 et
3162 3193 3305 3250 nulla
3351 3209 3514 3265 prece

1933 3285 2260 3339 evacuanda.
2292 3284 2678 3356 Hyacinthinas
2708 3294 2889 3342 autem
2911 3285 3121 3344 fumeus
3146 3287 3403 3344 debemus
3427 3287 3510 3342 in-

1935 3374 2198 3446 telligere,
2243 3391 2310 3432 ex
2331 3376 2454 3448 igne
2479 3378 2623 3432 enim
2649 3377 2828 3434 fumus
2848 3379 3141 3450 egreditur.
3208 3378 3322 3440 Hoc
3344 3380 3508 3436 etiam

1933 3466 2048 3536 ipse
2073 3467 2219 3524 color
2245 3469 2628 3540 hyacinthinus
2671 3470 2904 3538 indicat,
2951 3473 3042 3542 qui
3071 3473 3307 3542 speciem
3365 3471 3510 3530 aeris

1933 3563 2096 3612 tenet.
2947 3617 2954 3626 ,
3073 3623 3078 3626 _

2003 3649 2073 3704 Et
2103 3651 2274 3722 capita
2298 3669 2550 3723 equorum
2574 3661 2724 3708 erant
2750 3661 2810 3708 ut
2834 3655 3008 3726 capita
3053 3654 3278 3712 leonum.
3323 3657 3510 3728 Capita

1931 3759 2192 3813 equorum
2229 3756 2482 3800 auctores
2534 3761 2810 3812 errorum,
2849 3749 2941 3816 qui
2971 3755 3027 3806 ct
3070 3748 3238 3806 fortes
3275 3759 3400 3806 sunt
3441 3753 3510 3806 ad

1929 3835 2284 3890 conterendos
2315 3835 2574 3900 inﬁrmos,
2603 3848 2652 3890 et
2677 3836 2937 3894 fetoribus
2963 3839 3130 3908 pleni.
3175 3841 3328 3898 Unde
3362 3853 3510 3898 recte

1930 3923 2177 3980 subditur
2211 3942 2223 3976 :
2262 3933 2311 3978 et
2356 3926 2420 3980 de
2451 3942 2538 3980 ore
2583 3943 2762 3992 eorum
2787 3931 3018 3998 procedit
3045 3931 3200 4002 ignis,
3229 3941 3278 3988 et
3307 3933 3506 4004 fumus,

1929 4023 1978 4068 et
1999 4013 2236 4086 sulphur.
2271 4016 2456 4088 (Vens.
2485 4017 2596 4090 18.)
2636 4021 2714 4074 Ab
2743 4020 2828 4078 his
2846 4021 3012 4080 tribus
3039 4024 3404 4096 plagis'occisa
3433 4037 3508 4082 est

1929 4108 2082 4162 tertia
2122 4124 2244 4178 pars
2273 4109 2562 4176 hominum,
2591 4111 2655 4166 de
2681 4111 2824 4182 igne;
2843 4121 2894 4168 et
2943 4115 3106 4184 fumo,
3142 4126 3190 4176 et
3231 4118 3505 4189 sulphure,

1926 4213 2044 4268 qua
2070 4198 2412 4268 procedebant
2441 4201 2504 4256 de
2531 4218 2620 4258 ore
2649 4204 2899 4273 ipsorum.
2949 4204 3170 4264 Scilicet
3219 4210 3344 4278 quia
3387 4227 3504 4266 ma-

1927 4289 2104 4344 lorum
2129 4291 2442 4358 praedicatio
2493 4294 2604 4350 suis
2631 4297 2952 4365 sequacibus
2998 4309 3198 4354 aeterna
3245 4304 3506 4372 supplicia

1925 4391 2214 4453 praeparat,
2237 4397 2356 4452 quae
2376 4398 2472 4453 per
2485 4399 2604 4440 eam
2623 4386 3164 4458 tropiceligurantur;
3195 4392 3261 4446 ab
3275 4407 3339 4448 eo
3362 4395 3505 4462 quod

250 4483 370 4524 rum
387 4481 584 4564 corpus
609 4471 1002 4564 cognoscimus,
1026 4472 1170 4540 quod
1197 4487 1264 4526 ex
1283 4473 1530 4544 malignis
1549 4475 1826 4544 spiritibus
1851 4501 1906 4564 D
1927 4483 2200 4546 procurat,
2227 4475 2356 4531 illud
2379 4479 2520 4546 quod
2543 4487 2880 4548 procuratur.
2915 4481 3100 4552 (Vens.
3128 4483 3240 4556 19.)
3265 4483 3506 4542 Potestas

249 4567 306 4614 et
326 4560 507 4629 pravis
533 4561 840 4616 hominibus
867 4569 1112 4627 constat;
1167 4574 1360 4618 natura
1389 4566 1606 4635 quidem
1626 4567 1826 4622 discre-

251 4660 390 4718 tum,
425 4654 518 4708 sed
542 4653 824 4723 iniquitate
849 4654 1212 4723 conjunctum.
1267 4655 1657 4724 Quaternarius
1679 4659 1824 4713 enim

249 4755 348 4812 pro
379 4745 732 4800 universitate
764 4747 890 4816 poni
919 4747 1084 4813 solet;
1133 4749 1278 4803 unde
1323 4749 1378 4802 in
1425 4747 1531 4803 ﬁne
1582 4749 1764 4804 steculi
1794 4766 1827 4805 a

251 4843 482 4904 quatuor
505 4839 628 4892 coeli
651 4841 830 4895 ventis
854 4841 1010 4896 electi
1037 4857 1135 4912 per
1171 4843 1392 4914 angelos
1416 4845 1616 4898 assumi
1647 4845 1828 4915 perhi-

251 4926 468 4980 bentur.
533 4927 638 4981 Per
681 4929 1016 5000 Euphraten,
1056 4934 1150 5003 qui
1195 4934 1248 4988 in
1278 4935 1420 4989 mala
1440 4935 1828 5006 signiﬁcatione

249 5017 374 5085 poni
431 5016 570 5071 solet
604 5057 619 5082 ,
693 5019 1001 5088 designatur
1063 5026 1318 5078 mundani
1362 5027 1514 5096 regni
1567 5028 1824 5097 potentia,

252 5103 472 5159 Ghristo
517 5105 876 5176 Ecclesiteque
909 5111 1212 5164 contraria:
1267 5112 1324 5166 in
1367 5129 1474 5182 qua
1519 5115 1639 5170 ideo
1684 5119 1824 5172 anti-

251 5199 392 5263 quus
415 5193 588 5250 hostis
611 5211 736 5251 cum
785 5211 1012 5267 corpore
1041 5215 1138 5254 suo
1159 5199 1408 5270 alligatus
1426 5201 1640 5268 (ﬁcitur,
1699 5206 1824 5273 quia

251 5293 516 5351 quantum
531 5277 725 5342 odere
746 5287 860 5342 vult
881 5302 989 5344 non
1013 5289 1360 5359 permittitur.
1409 5293 1630 5348 Dicatur
1657 5310 1818 5367 ergo:

251 5370 404 5428 Solve
438 5385 666 5446 quatuor
693 5375 904 5447 angelos
959 5379 1050 5450 qui
1088 5380 1294 5451 alligati
1343 5391 1464 5438 sunt
1511 5384 1568 5438 in
1604 5387 1820 5456 ﬂumine

251 5479 440 5534 magno
465 5467 773 5539 Euphrate;
828 5485 892 5526 ac
933 5471 980 5528 si
1011 5473 1267 5530 Ecclesiae
1317 5475 1625 5533 diceretur:
1677 5480 1738 5536 Et
1764 5482 1818 5536 in

235 5559 456 5629 angelis
482 5561 758 5629 homines,
791 5565 919 5620 etin
951 5567 1256 5624 hominibus
1285 5569 1504 5641 angelos
1532 5573 1696 5630 solve.
1753 5575 1820 5631 Et

253 5652 468 5706 attende
493 5665 752 5723 quantum
771 5660 1164 5730 persecutionis
1188 5663 1462 5732 angustias
1503 5667 1818 5736 :equanimi-

252 5747 337 5798 ter
363 5739 506 5800 ferre
531 5744 748 5818 debeas,
775 5765 911 5830 quas
938 5751 1235 5808 adversarii
1259 5753 1460 5812 inferre
1483 5771 1590 5812 non
1615 5758 1815 5830 valent,

1927 4585 2180 4638 equorum
2200 4570 2256 4624 in
2281 4587 2370 4624 ore
2393 4589 2571 4626 eorum
2599 4583 2696 4638 est,
2725 4583 2769 4628 et
2789 4573 2844 4628 in
2865 4577 3046 4630 caudis
3072 4594 3274 4632 eorum.
3296 4578 3353 4636 In
3383 4596 3502 4646 ore,

1929 4655 2212 4714 doctorum
2253 4659 2510 4726 scientia;
2537 4663 2590 4714 in
2615 4663 2785 4716 cauda
2810 4678 2938 4718 vero
2957 4675 3072 4733 post
3081 4669 3345 4735 ponenda,
3369 4679 3504 4724 tem-

1928 4749 2130 4820 poralis
2157 4751 2398 4820 potentia
2427 4752 2757 4822 designatur.
2813 4751 2872 4806 In
2895 4768 2990 4810 ore
3025 4771 3154 4827 ergo
3182 4766 3236 4812 et
3255 4758 3312 4812 in
3335 4760 3504 4814 cauda

1929 4849 2166 4910 potestas
2194 4857 2380 4896 eorum
2404 4850 2506 4907 est,
2552 4844 2677 4912 quia
2717 4859 2969 4914 perversa
3011 4837 3282 4902 suadendo
3309 4849 3504 4918 praedi-

1931 4940 2086 5000 cant;
2139 4933 2232 4988 sed
2283 4933 2668 5003 temporalibus
2705 4938 3058 5004 potestatibus
3093 4937 3241 5005 fulti,
3295 4955 3390 5009 per
3438 4956 3502 4996 ea

1929 5041 2052 5095 (pne
2071 5033 2217 5080 retro
2237 5033 2362 5080 sunt
2385 5025 2707 5082 excitantur.
2736 5027 2878 5082 Nam
2906 5029 3088 5084 cauda:
3107 5045 3286 5084 eorum
3307 5031 3502 5088 similes

1925 5115 2270 5187 serpentibus,
2289 5117 2532 5172 habentes
2557 5121 2758 5189 capita,
2773 5129 2822 5176 et
2847 5121 2927 5174 Itis
2942 5129 3142 5174 nocent.
3195 5121 3293 5178 llic
3313 5136 3344 5178 e
3370 5138 3500 5180 con-

1930 5208 2098 5262 trario
2119 5222 2215 5277 per
2235 5209 2450 5272 caudas,
2481 5210 2651 5280 iniqui
2681 5213 2958 5277 doctores;
3024 5229 3122 5282 per
3152 5215 3324 5284 capita
3346 5231 3498 5283 vero,

1925 5299 2042 5372 ipsa
2073 5301 2346 5356 saecularis
2363 5305 2602 5371 potentia
2617 5303 2944 5372 designatur.
2980 5303 3048 5358 Et
3071 5317 3192 5376 apte
3213 5307 3330 5364 falsi
3365 5325 3501 5378 prte-

1921 5390 2190 5446 dicatores
2214 5392 2414 5448 similes
2455 5392 2810 5462 serpentibus,
2851 5394 2976 5464 quia
3017 5395 3160 5452 illius
3178 5413 3310 5456 voce
3357 5398 3499 5454 mala

1920 5481 2182 5548 suadent,
2231 5483 2384 5552 cujus
2425 5483 2582 5538 sibilo
2617 5481 2882 5538 delectata
2927 5492 3011 5540 est
3055 5485 3186 5542 Eva.
3251 5487 3319 5542 Et
3371 5489 3498 5556 quia

1917 5573 2216 5645 potentium
2259 5575 2442 5630 favore
2475 5573 2595 5628 fulti
2635 5574 2832 5630 multos
2891 5576 3152 5638 violenter
3203 5580 3274 5634 ad
3311 5580 3496 5636 illicita

1918 5669 2262 5738 pertrahunt,
2311 5667 2646 5736 rectecapita
2681 5667 2882 5726 habere
2901 5669 3174 5740 dicuntur,
3203 5671 3496 5744 quaajnxta

1919 5762 2078 5816 aliam
2103 5762 2602 5834 interpretationem
2655 5764 2828 5836 capita
2872 5765 3164 5826 draconum
3208 5779 3492 5827 vocantur.
3569 5773 3576 5780 “
