4088 6330
563 391 702 445 Ηιὰὃ
1437 397 1495 452 Β.
1537 398 1847 457 F.ALBlNl
1889 402 2018 460 SEU
2060 404 2330 462 ALCUINI
2369 403 2651 460 OPERUM
2691 404 2871 459 PARS
2905 405 2966 458 11.

561 503 629 558 Et
652 511 710 557 ut
738 505 1046 560 ostenderet
1081 505 1307 576 gentiles
1346 509 1507 562 etiam
1531 511 1597 565 ad
1637 512 1739 566 hoc
1767 528 1959 582 corpus
2012 529 2136 582 per-
2165 521 2216 578 Α
2244 531 2403 584 neque
2433 514 2603 568 ridere
2631 523 2868 583 possunt,
2900 530 3062 584 neque
3094 515 3300 578 audire,
3340 531 3504 585 neque
3529 518 3831 577 ambulare.

479 596 503 649 ἓ
560 595 760 658 tinere,
783 595 1058 666 subjunxit
1087 615 1099 648 :
1137 597 1319 665 (Vens.
1351 598 1443 668 20)
1469 599 1536 652 Et
1560 603 1734 656 ueteri
1761 603 2018 666 homines,
2047 607 2137 674 qui
2238 605 2423 676 (Vens.
2451 604 2564 674 2L)
2594 605 2662 658 Et
2689 621 2790 658 non
2811 613 3020 675 egerunt
3042 606 3392 675 paenitentiam
3434 587 3508 660 ἀι
3530 608 3834 666 homicidiis

561 701 667 738 non
691 694 835 750 sunt,
869 703 1028 756 neque
1052 689 1404 756 paenitentiam
1429 702 1641 760 egerunt
1667 694 1731 746 de
1753 695 1991 764 operibus
2022 711 2136 749 ma-
2237 695 2369 759 suis,
2400 711 2561 766 neque
2585 712 2617 748 a
2646 694 2992 766 fornicatione
3011 713 3130 760 sua,
3163 713 3324 766 neque
3343 715 3375 750 a
3397 697 3553 765 furtis
3576 699 3714 754 suis.
3757 699 3833 758 Ac

563 791 972 842 nuumsuarum,
995 788 1052 832 ut
1071 796 1174 833 non
1193 780 1766 850 adorarentdwmonia,
1788 794 1837 839 et
1856 785 2139 839 simulacra
2241 787 2286 840 si
2321 786 2620 840 diceretur:
2686 794 2741 839 et
2772 785 2828 840 hi
2865 786 2999 842 tales
3036 786 3104 841 ad
3134 787 3504 858 supradictum
3537 805 3835 846 numerum

559 879 724 920 aurea
748 875 798 922 et
817 878 1061 938 argentea
1094 879 1143 924 et
1175 887 1314 926 terea
1358 882 1408 928 et
1457 873 1666 946 lapidea
1697 885 1745 929 et
1784 876 1978 946 lignea,
2023 893 2142 948 qua
2243 877 2511 946 pertinere
2535 877 2806 932 videntur.

574 1006 3802 1048 I—-—-————————_._—_______—_______

1762 1156 2058 1233 LIBER
2116 1157 2606 1249 QUINTUS.

1184 1376 1417 1434 CAPUT
1454 1379 1523 1435 X.
2246 1384 2511 1454 sapientia
2541 1390 2707 1437 totum
2738 1382 2996 1438 mundum
3025 1391 3084 1437 ut
3126 1384 3200 1438 ita
3229 1384 3460 1440 dixerim
3489 1390 3837 1456 perambula-

632 1485 765 1541 Cum
792 1499 890 1556 per
908 1493 1131 1540 caeteras
1165 1489 1476 1558 prophetias
1496 1505 1656 1560 quam
1686 1493 1854 1549 multa
1873 1509 1992 1564 quae
2031 1512 2143 1551 me-
2243 1478 2349 1541 νίῑέ
2377 1476 2467 1546 qm
2496 1477 2631 1568 διῗηε
2659 1475 2987 1568 εοιιιωιξεεθι
3012 1476 3120 1547 isni
3143 1487 3551 1547 οοπιρδηηιιιτν
3576 1485 3830 1550 quoniam

564 1575 754 1630 diatori
785 1583 969 1631 nostro
988 1577 1310 1631 conveniant
1339 1579 1391 1632 in
1417 1581 1646 1636 terrenis
1676 1584 1856 1646 rebus,
1894 1593 1948 1638 et
1973 1600 2142 1653 pauca

2254 1577 2300 1622 et
2319 1566 2716 1638 superpOsitum
2734 1566 3020 1622 aedificium
3037 1568 3279 1623 ecclesim
3298 1579 3538 1639 portant,
3552 1581 3610 1626 et
3633 1573 3829 1644 Spiritu

3694 417 3830 465 lis—ly
3915 475 3918 477 Α

563 1667 618 1722 in
642 1668 950 1724 caelestibus
973 1670 1322 1740 reperiamus,
1370 1669 1604 1726 Joannes
1635 1674 1689 1727 in
1721 1675 1820 1728 hac
1855 1675 2141 1729 adventum

563 1759 682 1830 ejus
722 1761 918 1830 szepius
939 1776 1034 1830 per
1065 1761 1314 1831 angelum
1348 1762 1665 1831 designavit.
1710 1763 1780 1818 Ut
1825 1764 1990 1833 quid?
2043 1764 2146 1817 nisi

563 1858 625 1903 ut
645 1851 949 1904 uberiorem
979 1851 1098 1905 aliis
1128 1851 1266 1906 banc
1286 1852 1622 1922 prophetiam
1651 1854 1918 1908 ostendat.
1998 1854 2147 1909 Unde

566 1955 710 1994 nunc
768 1941 990 1995 dicitur:
1043 1942 1226 2011 (Vsus.
1270 1943 1324 2013 l)
1365 1943 1433 1996 Et
1484 1943 1660 1997 audivi
1698 1945 1861 1998 alium
1907 1946 2147 2016 angelum

566 2030 753 2100 fortem
781 2031 1169 2086 descendentem
1197 2034 1262 2086 de
1298 2033 1422 2088 calo
1463 2036 1711 2088 amictum
1736 2036 1886 2090 nube.
1932 2037 1992 2090 Et
2026 2039 2148 2107 jure

567 2122 788 2194 angelus
810 2124 1026 2188 dicitur,
1075 2125 1200 2194 quia
1227 2133 1439 2179 aeternae
1478 2125 1600 2179 vita:
1626 2141 1795 2182 novus
1843 2127 2150 2186 hominibus

566 2217 790 2270 nuntius
821 2217 1086 2286 apparuit,
1146 2217 1212 2271 de
1249 2232 1355 2286 quo
1404 2217 1632 2288 legimus
1670 2231 1684 2269 :
1739 2217 1918 2287 Magni
1945 2219 2151 2273 consilii

567 2304 784 2374 angelus
814 2319 832 2357 :
861 2305 1014 2375 fortis
1065 2315 1267 2370 autem,
1314 2307 1440 2376 quia
1477 2307 1650 2360 aerias
1691 2316 1992 2377 potestates.
2036 2326 2151 2364 mo-

569 2396 760 2451 riendo
815 2398 1006 2452 vicisse
1040 2399 1329 2469 probatur;
1374 2400 1514 2454 unde
1565 2409 1647 2454 est
1683 2399 1836 2456 illud:
1894 2401 2150 2457 Dominus

567 2497 749 2559 potens
775 2489 829 2543 in
871 2488 1051 2559 prwlio
1093 2487 1266 2561 (Psal.
1314 2506 1470 2552 xxut,
1513 2491 1588 2560 8).
1626 2490 1778 2557 Quod
1829 2491 1961 2545 dicit
1987 2492 2149 2546 alium

568 2594 676 2634 non
710 2588 795 2634 est
829 2580 905 2635 rei
933 2581 1234 2647 diversitas,
1267 2582 1360 2636 sed
1399 2583 1730 2636 consuetudo
1756 2581 2154 2651 recapitulatio—

566 2672 684 2734 nis,
735 2672 898 2728 alium
949 2675 1195 2745 angelum
1225 2675 1380 2738 vidit,
1440 2676 1563 2744 quia
1591 2676 1748 2730 aliam
1780 2677 2041 2730 visionem
2069 2691 2153 2730 re-

565 2764 780 2834 petivit.
846 2764 997 2821 Nube
1025 2767 1254 2822 amictus
1276 2768 1523 2837 apparuit
1555 2769 1791 2838 angelus,
1839 2769 1962 2838 quia
1992 2784 2152 2823 carne

566 2857 788 2912 indutus
826 2858 964 2912 inter
990 2859 1234 2914 homines
1266 2860 1412 2914 visus
1449 2868 1530 2914 est
1558 2859 1842 2924 Dominus;
1905 2860 2057 2930 cujus
2085 2859 2152 2914 de

564 2947 719 3002 caelis
743 2947 1041 3014 descensio,
1092 2949 1206 3020 ipsa
1235 2953 1416 3004 carnis
1467 2952 1779 3020 assumptio.
1818 2949 1881 3003 Et
1916 2951 2008 3004 iris
2033 2961 2151 3004 erat

564 3040 622 3093 in
651 3041 817 3111 capite
846 3041 979 3110 ejus.
1009 3040 1182 3111 Caput
1211 3041 1436 3107 Christi,
1461 3052 1518 3096 ut
1552 3043 1681 3097 dicit
1703 3043 2010 3114 Apostolus,
2038 3043 2149 3112 ipsa

567 3137 652 3185 est
681 3132 952 3187 divinitas.
1013 3133 1111 3188 lris
1148 3142 1326 3188 autem
1376 3150 1534 3189 arcus
1568 3147 1809 3198 vocatur,
1851 3151 1944 3206 per
1988 3151 2149 3205 quam

566 3223 754 3277 mundi
783 3225 1166 3289 reconciliatio,
1196 3241 1316 3295 quae
1329 3241 1427 3298 per
1450 3227 1708 3280 incarnati
1745 3228 1904 3280 Verbi
1930 3227 2147 3295 dispen-

567 3315 830 3370 sationem
860 3316 997 3372 facta
1010 3329 1114 3383 est,
1145 3319 1440 3390 figuratur;
1472 3320 1622 3389 cujus
1641 3320 1954 3391 mysterium
1987 3334 2146 3386 supra

2245 1669 2433 1713 sancto
2447 1658 2657 1713 accensi
2677 1659 2980 1714 auditorum
2995 1660 3157 1714 corda
3179 1661 3245 1714 ad
3265 1677 3507 1716 amorem
3526 1663 3622 1718 Dei
3647 1667 3832 1735 punii-

2247 1749 2416 1804 cando
2434 1750 2784 1804 inﬂammant.
2811 1749 2996 1820 (Vens.
3013 1750 3088 1822 2.)
3103 1750 3170 1804 Et
3194 1751 3412 1806 habebat
3439 1755 3496 1807 in
3512 1771 3677 1810 manu
3693 1758 3808 1811 Iibel

2249 1842 2355 1895 lum
2372 1853 2626 1912 apertum.
2645 1843 2833 1898 Manus
2851 1844 3026 1915 angeli
3046 1845 3285 1914 operatio
3303 1855 3388 1900 est
3409 1859 3605 1904 nostra:
3622 1852 3827 1916 salutis,

2253 1935 2307 1989 id
2334 1946 2418 1989 est
2444 1935 2741 1990 incarnatio
2771 1936 2992 1991 Christi.
3027 1935 3260 1991 Libellus
3287 1948 3506 2008 apertus
3558 1943 3829 2000 declarata

2179 2003 2224 2064 Β
2251 2028 2424 2096 gratia
2463 2035 2542 2082 est
2571 2026 2700 2082 Novi
2728 2027 3076 2084 Testamenti.
3111 2029 3176 2082 Et
3208 2003 3338 2084 nota
3360 2031 3478 2100 quia
3513 2032 3617 2085 nisi
3671 2035 3826 2102 prius

2254 2120 2417 2176 facies
2447 2121 2618 2192 angeli
2650 2121 2966 2185 refulsisset,
3005 2121 3244 2176 libellum
3294 2132 3517 2194 apertum
3563 2125 3618 2178 in
3648 2141 3813 2180 manu

2251 2228 2357 2267 non
2402 2221 2630 2275 teneret,
2675 2213 2799 2281 quia
2831 2212 2885 2267 in
2916 2213 3034 2283 ejus
3060 2212 3454 2284 dispensatione
3478 2218 3654 2270 omnis
3673 2217 3828 2270 Scri-

2249 2313 2528 2375 pturarum
2549 2321 2756 2360 summa
2784 2284 3016 2360 revelata
3041 2314 3142 2361 est.
3181 2305 3250 2360 Et
3271 2308 3444 2377 posuit
3473 2309 3654 2378 pedem
3678 2328 3828 2364 suum

2250 2395 2522 2450 dexterum
2569 2412 2724 2466 super
2774 2412 2942 2460 mare,
2979 2397 3244 2451 sinistrum
3273 2415 3391 2452 vero
3432 2416 3590 2470 super
3615 2411 3828 2455 terram.

2251 2485 2363 2540 llac
2406 2487 2670 2541 sententia
2692 2486 2966 2542 distinctio
2990 2487 3399 2557 praedicatorum
3429 2503 3494 2543 ac
3531 2499 3830 2561 temporum

2251 2579 2586 2634 ostenditur:
2627 2579 2781 2648 quasi
2831 2593 2927 2649 pes
2976 2579 3165 2633 dexter
3210 2578 3463 2634 fortiores
3506 2591 3659 2645 sunt,
3705 2598 3835 2650 quos

2253 2683 2350 2723 nec
2375 2683 2631 2740 prospera
2658 2668 2856 2733 levant,
2881 2683 2979 2723 nec
3002 2670 3227 2723 adversa
3249 2669 3531 2741 dejiciunt,
3563 2672 3830 2726 dicentes:

2253 2758 2400 2814 Sicut
2422 2758 2643 2813 tenebra:
2667 2759 2801 2828 ejus,
2835 2760 2908 2812 ita
2935 2767 2983 2812 et
3014 2757 3189 2814 lumen
3215 2759 3329 2829 ejus
3361 2757 3538 2830 (Psal.
3565 2776 3830 2825 cxxxvtu,

2253 2853 2362 2923 12).
2428 2852 2491 2906 Hi
2530 2865 2691 2921 super
2719 2867 2868 2906 mare
2891 2861 3184 2922 ponuntur,
3211 2851 3263 2907 id
3288 2860 3371 2906 est
3389 2853 3458 2906 ad
3482 2853 3833 2922 perferendas

2251 2949 2513 3003 malorum
2544 2947 2964 3017 persecutiones.
3016 2945 3245 3001 Sinister
3264 2961 3396 3002 vero
3437 2963 3557 3018 pes,
3613 2949 3834 3002 minoris

2249 3042 2464 3095 virtutis
2491 3048 2636 3105 sunt,
2664 3041 2754 3110 qui
2768 3041 2892 3095 dum
2905 3041 3053 3109 pacis
3076 3049 3317 3109 tempore
3343 3040 3660 3104 mittuntur,
3684 3040 3832 3109 quasi

2250 3134 2484 3187 interra:
2509 3132 2776 3187 soliditate
2803 3140 3094 3202 ponuntur.
3147 3131 3299 3188 Sicut
3319 3131 3462 3188 enim
3507 3147 3606 3186 rex
3656 3142 3834 3189 contra

2249 3227 2501 3282 fortiores
2526 3227 2727 3297 dirigit,
2758 3227 2828 3280 ita
2857 3234 2912 3281 et
2935 3226 3202 3281 Christus.

2326 3321 2487 3374 Vens.
2515 3319 2567 3372 5.
2610 3349 2678 3359 ——
2715 3319 2783 3372 Et
2811 3318 3051 3373 clamavit
3075 3336 3193 3373 voce
3233 3334 3425 3388 magna
3447 3357 3462 3382 ,
3492 3319 3834 3388 quemadmo-

567 3405 773 3460 dictum
794 3416 898 3462 est.
953 3408 1020 3462 Et
1046 3419 1168 3464 nota
1183 3369 1340 3480 ιἒιιιοά
1366 3369 1634 3481 descripto
1665 3369 1956 3465 novissimo
1977 3369 2151 3466 cerita-
2176 3369 2223 3431 Ο
2257 3409 2381 3463 dum
2407 3425 2524 3462 cum
2551 3407 2631 3461 leo
2660 3409 2818 3478 rugit.
2859 3407 3009 3463 Sicut
3037 3406 3216 3464 leonis
3233 3369 3436 3462 clamor
3464 3369 3725 3463 timorem
3756 3410 3835 3464 in-

567 3498 736 3564 mine,
784 3514 846 3554 ac
880 3502 1245 3569 praetermisso
1289 3505 1518 3572 septimo
1561 3505 1758 3574 sigillo,
1803 3506 1901 3557 sub
1949 3519 2055 3573 quo
2101 3513 2155 3558 et

571 3587 697 3644 finis
719 3593 1220 3656 consummationis,
1271 3602 1325 3647 et
1347 3593 1556 3646 Domini
1606 3593 1872 3647 secundus
1909 3603 2156 3662 speratur

570 3683 854 3748 adventus,
885 3683 1175 3738 adinitium
1192 3685 1576 3740 incarnationis
1592 3684 1812 3748 Christi,
1845 3686 1985 3738 unde
1999 3686 2156 3740 modo

573 3773 774 3828 dictum
801 3781 902 3837 est,
945 3774 1106 3840 redit,
1149 3784 1204 3830 et
1255 3775 1692 3845 praedicationem
1732 3776 1849 3846 ejus
1879 3776 2151 3831 describit.

571 3863 684 3919 Hac
708 3866 1012 3921 narratione
1039 3866 1209 3932 finita,
1239 3867 1307 3922 ad
1335 3882 1398 3921 ea
1447 3883 1566 3937 qua:
1602 3867 1872 3938 paulisper
1899 3867 2156 3923 omiserat

571 3955 730 4011 redit.
813 3955 1215 4012 Meminerimus
1267 3967 1447 4013 autem
1481 3974 1602 4013 cum
1625 3960 1760 4013 hanc
1791 3960 2153 4015 narrationem

573 4048 640 4102 ad
671 4048 830 4102 tinem
855 4062 1027 4118 usque
1069 4050 1403 4118 perduxerit,
1427 4050 1623 4105 debere
1647 4050 1807 4104 tinem
1827 4051 2005 4106 ordini
2035 4067 2158 4106 con-

573 4139 688 4194 ciso
711 4137 996 4212 subiungi;
1049 4141 1199 4196 locus
1225 4142 1371 4197 enim
1418 4143 1531 4209 ille,
1583 4159 1688 4212 quo
1728 4143 1783 4197 in
1810 4143 2157 4213 sequentibus

574 4232 774 4287 dicitur
802 4249 877 4288 υίε
899 4236 1185 4288 secundum
1211 4236 1361 4301 abiit,
1416 4237 1483 4291 ad
1534 4236 1674 4292 hunc
1725 4237 2156 4292 subauditionem

574 4326 759 4392 habet,
795 4342 901 4397 quo
929 4327 1282 4396 praecedentis
1302 4327 1423 4383 libri
1447 4329 1674 4383 termino
1711 4328 1778 4383 de
1804 4328 2147 4399 nequissimo-

574 4432 694 4470 rum
750 4433 1013 4488 equorum
1057 4433 1121 4472 ac
1162 4419 1398 4490 gentium
1442 4419 1742 4488 perditione
1783 4419 2154 4473 tractavimus.

574 4509 645 4565 Et
668 4517 794 4563 nota
822 4511 948 4579 quia
971 4512 1025 4564 in
1056 4511 1159 4565 hac
1179 4511 1487 4565 narratione
1511 4526 1618 4565 non
1643 4512 1798 4566 solite.
1821 4527 2006 4581 agens,
2051 4527 2158 4564 am-

574 4600 676 4656 bas
695 4601 1048 4675 narrationes
1067 4618 1172 4657 non
1226 4618 1332 4657 uno
1370 4602 1498 4669 line,
1552 4603 1644 4658 sed
1673 4603 1880 4657 duobus
1905 4603 2159 4657 determi-

575 4699 694 4757 nat,
741 4691 865 4760 quia
907 4701 962 4746 et
1007 4692 1250 4747 ordinem
1289 4693 1727 4764 pnetermissum,
1758 4701 1812 4746 et
1838 4691 2156 4760 recapitula-

576 4785 778 4839 tionem
803 4782 1115 4854 singillatim
1135 4784 1436 4856 distinguit,
1470 4785 1610 4840 sicut
1627 4792 1747 4856 post
1771 4783 2046 4854 paululum
2067 4799 2158 4854 ap-

575 4875 789 4946 parebit

650 4968 717 5022 Et
751 4969 911 5038 [acies
949 4969 1062 5038 ejus
1107 4967 1238 5021 sicut
1268 4965 1366 5020 sol.
1407 4967 1595 5022 Facies
1649 4967 1824 5038 angeli
1857 4966 2158 5022 incarnatio

577 5071 660 5116 est
687 5061 910 5126 Christi,
949 5076 1053 5130 qua
1083 5075 1112 5112 a
1154 5057 1474 5112 mortalibus
1509 5068 1591 5113 est
1611 5059 1892 5132 cognitus;
1947 5059 2013 5112 de
2050 5073 2155 5126 qua

448 5183 502 5260 λ
577 5153 861 5210 Psalmista
889 5172 902 5206 :
931 5151 1157 5207 Ostende
1177 5151 1364 5222 faciem
1377 5159 1605 5214 tuam,et
1617 5151 1746 5206 salvi
1769 5152 1961 5206 erimus
1979 5149 2152 5222 (Psal.

580 5259 767 5308 uxtx,
820 5243 898 5315 4).
947 5244 1071 5298 Haec
1110 5243 1272 5299 facies
1293 5242 1392 5298 soli
1436 5257 1541 5296 non
1580 5253 1799 5312 propter
1831 5244 2155 5309 claritatem,

582 5354 686 5409 qua
711 5340 1198 5410 incomparabiliter
1214 5339 1384 5408 major
1399 5347 1503 5404 est,
1529 5348 1893 5407 comparatur,
1916 5339 2010 5394 sed
2033 5340 2157 5409 quia

581 5443 643 5490 ut
662 5435 738 5490 sol
763 5444 938 5490 ortum
966 5435 1154 5490 habuit
1183 5435 1474 5500 nascendo,
1503 5448 1754 5489 occasum
1784 5423 2081 5499 moriendo,
2106 5441 2161 5487 et

580 5537 772 5579 rursus
813 5527 991 5580 ortum
1024 5527 1369 5596 resurgendo.
1427 5517 1578 5582 Unde
1642 5523 1924 5578 Salomon:
1977 5524 2163 5579 Oritur

583 5615 724 5670 solet
747 5617 954 5681 occidit,
973 5624 1026 5670 et
1046 5626 1260 5672 czetera.
1286 5617 1481 5687 (Eccle.
1501 5635 1540 5681 t,
1560 5615 1638 5687 5.)
1663 5615 1893 5669 Possunt
1911 5624 1964 5667 et
1987 5615 2157 5669 sancti

583 5717 683 5776 per
695 5705 885 5764 faciem
900 5709 1143 5782 intelligi.
1167 5709 1229 5762 Et
1245 5727 1332 5780 pes
1353 5711 1466 5780 ejus
1487 5719 1733 5778 tanquam
1749 5705 1986 5760 columna
2000 5707 2154 5773 ignis.

574 5793 759 5852 Pedes
779 5799 951 5867 angeli
977 5809 1101 5857 sunt
1125 5801 1524 5870 praedicatores,
1547 5801 1742 5868 quibus
1769 5798 2046 5854 incantata
2060 5797 2154 5852 Dei

1857 5922 1883 5932 α

2185 4744 2235 4804 D

2258 3501 2391 3555 cutit
2431 3499 2641 3561 bestiis,
2691 3499 2768 3553 sic
2813 3499 3060 3555 Christus
3085 3515 3182 3571 per
3207 3509 3425 3555 sanctos
3450 3501 3840 3570 praedicatores

2259 3592 2511 3646 minando
2564 3592 2810 3645 timorem
2862 3592 3053 3646 incutit
3110 3593 3427 3647 bestialibus
3484 3593 3834 3656 hominibus;

2251 3681 2406 3750 juxta
2433 3683 2558 3736 illud
2587 3703 2598 3735 :
2633 3683 2736 3736 Leo
2761 3684 2924 3754 rugit,
2949 3685 3064 3755 quis
3081 3701 3189 3738 non
3209 3684 3403 3738 timebit
3433 3683 3620 3754 (Amos
3645 3701 3734 3748 nt,
3755 3687 3841 3755 8)?

2259 3773 2326 3826 Et
2353 3790 2468 3826 cum
2502 3773 2775 3828 clamasset
2805 3817 2816 3838 ,
2845 3772 3020 3828 locuta
3047 3785 3167 3830 sunt
3196 3785 3384 3846 septem
3426 3777 3668 3830 tonitrua
3699 3795 3840 3831 nores

2257 3882 2399 3919 suas.
2427 3866 2535 3920 Hoc
2557 3866 2865 3936 signiﬁcant
2891 3876 3095 3938 septem
3129 3870 3388 3933 tonitrua,
3419 3869 3565 3938 quod
3600 3885 3712 3923 vox
3737 3871 3841 3924 leo-

2258 3958 2364 4021 nis,
2392 3957 2442 4012 id
2468 3966 2552 4013 est
2573 3958 2721 4012 verbi
2747 3959 3179 4029 praedicationem
3207 3977 3222 4026 ;
3261 3969 3319 4015 ut
3347 3959 3474 4014 illud
3508 3977 3522 4014 :
3565 3959 3689 4014 Vox
3711 3961 3844 4014 toni-

2258 4048 2364 4101 trui
2393 4049 2474 4101 tui
2497 4048 2551 4102 in
2583 4058 2696 4102 rota
2726 4047 2896 4110 (Psal.
2929 4065 3112 4114 LXXVI,
3155 4049 3264 4122 l9).
3308 4049 3375 4104 Et
3399 4058 3529 4104 nota
3558 4051 3692 4119 quia
3726 4061 3842 4120 post

2258 4139 2429 4194 leonis
2457 4155 2666 4204 vocem,
2705 4140 2883 4194 locuta
2923 4140 3177 4195 dicuntur
3200 4140 3430 4194 tonitrua
3454 4180 3467 4203 ,
3517 4141 3652 4210 quia
3701 4140 3841 4210 quod

2260 4232 2521 4288 Dominus
2546 4232 2748 4296 docuit,
2794 4233 2897 4287 hoc
2925 4233 3089 4286 etiam
3117 4231 3348 4302 Spiritus
3377 4229 3719 4300 septiformis
3749 4231 3844 4287 do-

2259 4325 2372 4380 cuit
2395 4322 2665 4393 apostolos
2689 4324 2984 4392 prazdicare
3019 4343 3030 4376 :
3060 4324 3200 4378 unde
3228 4321 3358 4376 Filii
3382 4321 3602 4375 tonitrui
3650 4322 3842 4376 dicun-

2259 4423 2366 4468 tur.
2393 4413 2531 4469 Suas
2563 4425 2742 4468 autem
2770 4430 2932 4470 voces
2958 4414 3135 4469 locuta
3162 4422 3309 4478 sunt,
3333 4414 3458 4483 quia
3493 4430 3602 4467 non
3627 4412 3843 4468 Iudaeo-

2261 4524 2378 4562 rum
2402 4500 2604 4563 fabulas
2614 4549 2628 4572 ,
2647 4523 2750 4562 non
2774 4507 3212 4576 philosophorum
3225 4506 3428 4561 namias
3439 4515 3628 4560 sancta
3643 4507 3844 4560 doctri-

2259 4615 2326 4653 na
2345 4600 2396 4653 in
2409 4602 2523 4656 suis
2534 4601 2874 4672 dogmatibus
2889 4601 3098 4670 recipit.
3116 4599 3221 4654 Sed
3239 4600 3393 4654 valde
3404 4599 3562 4654 nobis
3579 4600 3839 4669 perplexa

2260 4691 2485 4760 quaestio
2500 4689 2856 4761 generaturin
2880 4704 2945 4744 eo
2979 4690 3120 4759 quod
3149 4690 3399 4744 subditur
3427 4708 3438 4742 :
3477 4688 3669 4760 (Vens.
3698 4689 3754 4761 ιι)
3778 4690 3842 4743 Et

2260 4798 2378 4852 qua:
2406 4782 2581 4837 locuta
2607 4790 2731 4836 sunt
2763 4791 2968 4851 septem
2998 4783 3232 4836 tonitrua
3258 4783 3552 4852 scripturus
3577 4800 3724 4837 eram
3744 4825 3760 4847 ,
3792 4795 3839 4836 et

2258 4875 2438 4928 audivi
2477 4891 2646 4928 vocem
2687 4874 2752 4928 de
2792 4874 2916 4928 caelo
2961 4875 3215 4929 dicentem
3245 4889 3263 4926 :
3316 4875 3481 4945 Signa
3518 4893 3639 4945 qum
3667 4876 3840 4929 locuta

2259 4973 2382 5017 sunt
2405 4973 2596 5033 septem
2618 4963 2872 5029 tonitrua,
2895 4972 2943 5017 et
2974 4964 3080 5018 noli
3114 4981 3175 5018 ea
3201 4964 3443 5018 scribere.
3471 4964 3528 5018 Si
3550 4966 3697 5019 enim
3719 4980 3842 5020 san-

2259 5064 2344 5110 cta
2368 5054 2676 5124 praedicatio
2707 5055 2906 5124 scripta
2947 5070 3052 5109 non
3085 5053 3296 5119 fuisset,
3323 5053 3389 5108 ad
3417 5068 3516 5109 nos
3560 5055 3706 5109 unde
3747 5067 3842 5109 ve.

2260 5129 2470 5205 nisset?
2500 5150 2725 5204 Videtur
2749 5163 2878 5220 ergo
2907 5149 3008 5203 hoc
3036 5148 3155 5202 loco
3201 5147 3486 5218 quamdam
3519 5146 3843 5216 descriptio-

2261 5261 2382 5299 nem
2399 5243 2623 5312 intelligi
2649 5242 2863 5296 debere.
2893 5240 3028 5295 Nam
3053 5241 3329 5295 sciendum
3351 5239 3476 5310 quia
3491 5237 3612 5293 ideo
3637 5235 3840 5307 aliquid

2259 5352 2359 5392 nos
2389 5336 2486 5390 sub
2519 5333 2695 5405 sigillo
2719 5333 3017 5388 claudimus
3045 5347 3112 5386 ne
3137 5331 3349 5386 cunctis
3368 5317 3572 5401 paﬂat,
3592 5331 3692 5385 sed
3713 5345 3845 5386 con—

2261 5444 2394 5500 gruo
2422 5435 2663 5496 tempore
2683 5425 2878 5494 quibus
2899 5423 3168 5478 credimus
3192 5423 3460 5486 solvatur;
3492 5421 3636 5492 quod
3659 5426 3846 5476 autem

2260 5521 2434 5593 palam
2467 5518 2774 5582 scribimus,
2803 5519 2869 5572 ad
2891 5524 3209 5572 cunctorum
3228 5516 3477 5570 notitiam
3498 5513 3844 5569 deducimus.

2261 5611 2524 5668 Jubemur
2551 5625 2679 5681 ergo
2699 5609 3036 5679 eloquiorum
3051 5608 3144 5664 Dei
3172 5614 3507 5663 sacramenta
3533 5621 3643 5660 non
3667 5602 3852 5659 omni-

2262 5705 2365 5760 bus
2396 5703 2686 5758 indiscrete
2714 5701 3023 5771 propalare;
3056 5701 3149 5756 sed
3172 5701 3240 5756 ad
3258 5715 3592 5763 mensuram,
3609 5706 3667 5752 et
3687 5697 3850 5767 quasi

2262 5797 2330 5854 de
2361 5797 2460 5853 sub
2486 5794 2681 5876 sigillo,
2714 5800 2873 5866 prout
2899 5793 3122 5852 idoneos
3169 5793 3237 5851 ad
3285 5793 3659 5866 accipiendum
3689 5791 3850 5846 vide-
