4088 6330
625 449 749 506 1151

1470 443 1529 498 Β.
1572 441 1632 495 F.
1674 439 1896 494 ALlllNl
1937 437 2069 493 SEU
2109 431 2384 491 ALCUINI
2422 425 2706 486 OPERUM
2744 423 2925 481 PARS
2956 424 3021 479 ll.

3751 421 3906 477 1152

619 575 738 622 sunt
766 579 908 616 rores
934 576 1135 630 magna:
1157 560 1210 611 in
1234 555 1378 610 calo.
1406 555 1709 625 Appareute
1756 553 1981 605 Darnim
2023 551 2086 602 τιτι
2110 549 2198 616 jri-
2225 549 2273 607 Α
2302 558 2464 614 agere
2509 541 2812 604 contendit,
2835 548 2888 594 et
2923 555 3027 592 non
3051 537 3213 602 valet,
3247 538 3370 606 quia
3399 539 3564 592 etiam
3593 538 3798 610 pusilli
3834 540 3904 597 ad

621 661 843 720 dicium,
874 659 959 712 hic
986 655 1242 723 septimus
1272 652 1492 721 angelus
1521 650 1642 703 tuin
1673 649 1850 705 canit:
1887 648 1938 698 in
1964 659 2068 712 quo
2098 642 2197 694 Ec-

622 751 784 804 clesia
819 745 1129 813 intelligitur
1159 759 1262 796 non
1287 741 1398 808 jam
1429 740 1743 808 pra-dicatis,
1771 737 1862 789 sed
1892 733 2195 787 miscricor-

623 844 766 896 diam
793 849 845 893 et
872 837 1131 907 judicium
1175 835 1400 888 Domino
1437 835 1745 888 decantatis.
1779 830 1911 884 llinc
1939 837 2019 882 est
2058 826 2200 896 quod

624 931 843 1002 angelus
872 945 1033 998 super
1063 936 1262 980 terram
1308 934 1363 980 et
1400 940 1549 978 mare
1578 933 1724 977 stans
1746 920 1892 990 jurat
1923 921 2062 988 quod
2087 919 2199 986 jam

624 1038 729 1077 non
760 1021 829 1075 sit
860 1030 1091 1088 tempus,
1135 1019 1228 1071 sed
1264 1017 1317 1071 in
1357 1017 1483 1070 tuba
1520 1015 1743 1084 septima
1785 1010 2196 1067 consummatio.

625 1113 795 1166 Voces
825 1117 1004 1163 autem
1047 1122 1252 1176 magnae
1303 1106 1357 1159 in
1408 1105 1565 1169 caelo,
1614 1105 1664 1159 id
1703 1113 1787 1158 est
1837 1104 1888 1156 in
1940 1099 2199 1163 Ecclesia,

625 1202 922 1272 gratiarum
963 1206 1087 1253 sunt
1130 1199 1397 1260 actiones;
1439 1205 1492 1249 et
1528 1197 1662 1249 bene
1707 1210 1932 1264 magnae,
1980 1192 2106 1260 quia
2139 1191 2204 1245 de

623 1293 836 1362 magnis
881 1291 1041 1344 rebus
1089 1305 1340 1357 magnum
1400 1287 1642 1342 exoritur
1694 1284 2038 1339 desiderium.
2099 1281 2204 1335 Sed

624 1385 767 1438 unde
809 1385 916 1440 sint
942 1384 1024 1436 ba:
1051 1397 1228 1446 voces,
1260 1379 1493 1434 Joannes
1535 1377 1790 1441 ostendit,
1842 1376 1932 1444 qui
1976 1372 2201 1427 subdit:

625 1477 848 1531 dicentes
883 1489 901 1526 .'
940 1471 1164 1526 Factum
1199 1481 1273 1525 est
1311 1487 1521 1540 regnum
1558 1469 1715 1539 hujus
1755 1467 1970 1531 mundi;
2011 1465 2061 1518 id
2100 1471 2204 1529 est,
2235 1493 2257 1504 ι

626 1567 679 1620 in
705 1581 812 1634 quo
843 1563 990 1634 prius
1021 1563 1274 1630 antiquus
1313 1560 1484 1614 bosnis
1517 1560 1776 1627 regnabat
1809 1557 1899 1610 Dei
1928 1564 1982 1609 et
2006 1555 2208 1609 Christi

625 1657 760 1724 ejus.
791 1653 857 1707 Et
888 1653 1186 1722 regnabunt
1221 1653 1275 1704 in
1305 1648 1496 1703 srrcula
1539 1646 1867 1702 sa'culorum.
1916 1646 1974 1698 In
2016 1645 2121 1698 his.
2155 1643 2208 1698 id

626 1752 711 1799 est
739 1744 790 1796 in
822 1743 984 1796 Patre
1008 1750 1061 1794 et
1083 1739 1242 1803 Filio,
1267 1739 1505 1792 Trinitas
1526 1737 1861 1805 intelligitur.
1888 1735 2070 1805 (Vens.
2097 1731 2207 1802 16.)

627 1831 694 1888 Et
733 1832 912 1902 viginti
949 1841 1174 1901 quatuor
1197 1831 1445 1891 seniores,
1473 1831 1560 1897 qui
1589 1829 1644 1881 in
1673 1837 1942 1898 conspectu
1997 1826 2093 1879 Dei
2131 1841 2212 1878 se-

2300 637 2442 691 illam
2476 637 2775 689 mercedem
2805 635 3134 704 pertingunt.
3178 632 3332 687 Unde
3356 633 3544 686 beatus
3569 632 3676 686 Job
3711 647 3730 685 :
3762 632 3903 686 Par-

2297 746 2390 784 vus
2419 739 2465 782 et
2495 744 2712 797 magnus
2733 726 2804 780 ibi
2830 735 2951 779 sunt
2975 724 3115 793 (Job.
3152 741 3235 787 ιιι,
3274 725 3376 790 l9).
3408 725 3902 782 Etexterminandi

2298 839 2383 876 eos
2411 822 2500 893 qui
2536 829 2875 890 corruperunt
2908 828 3119 871 terram.
3149 816 3353 871 Idcirco
3399 833 3506 871 non
3542 817 3663 872 oeci
3695 819 3757 881 ii,
3811 818 3904 873 sed

2299 913 2649 968 exterminari
2709 913 2999 975 dicuntur,
3045 918 3106 964 ut
3152 919 3471 980 perpetuum
3519 912 3906 967 damnationis

2301 1006 2551 1060 exsilium
2587 1015 2789 1059 :eterna
2824 1003 3037 1057 illorum
3073 1001 3477 1058 demonstretur
3514 1004 3736 1074 inopia.
3770 1005 3906 1059 Ter-

2301 1112 2418 1151 ram
2445 1109 2795 1164 corrumpere
2839 1101 2924 1149 est
2959 1093 3159 1164 iniquis
3198 1095 3453 1163 operibus
3483 1097 3658 1150 vitam
3697 1099 3901 1166 depra-

2303 1203 2448 1241 vare.
2478 1186 2612 1240 Hinc
2639 1185 2819 1254 itaque
2852 1185 3047 1255 pendet
3075 1185 3296 1239 tertium
3322 1200 3402 1241 va:
3429 1186 3738 1252 malorum,
3762 1189 3902 1258 quod

2305 1276 2358 1330 in
2395 1275 2622 1345 septimo
2641 1274 2830 1345 angelo
2851 1274 3164 1344 praedictum
3193 1282 3277 1329 est
3302 1274 3412 1329 cito
3431 1287 3758 1331 venturum.

2375 1365 2536 1419 Vens.
2565 1366 2651 1419 l9.
2677 1395 2746 1405 —
2775 1365 2843 1418 Et
2890 1375 3127 1435 apertum
3165 1374 3242 1420 est
3272 1367 3518 1437 templum
3560 1369 3616 1422 in
3641 1370 3806 1435 calo,
3839 1378 3901 1424 et

2305 1459 2416 1512 visa
2439 1469 2512 1512 est
2541 1475 2666 1512 arca
2697 1459 2991 1513 testamenti
3024 1459 3138 1527 ejus
3177 1460 3232 1512 in
3259 1458 3448 1530 templo
3478 1460 3617 1527 ejus.
3655 1461 3788 1517 Haec
3829 1463 3902 1518 lo-

2307 1551 2454 1604 cutio
2477 1550 2545 1604 ad
2569 1550 2781 1604 initium
2815 1549 2937 1604 ﬁdei
2959 1551 3212 1616 recurrit,
3245 1559 3298 1605 et
3334 1551 3622 1607 conﬂictus
3645 1553 3900 1610 Ecclesia:

2309 1645 2408 1697 sub
2428 1643 2545 1698 aliis
2571 1643 2757 1713 ﬁguris
2787 1643 2996 1696 intexit.
3030 1641 3168 1710 Quid
3197 1643 3340 1698 enim
3362 1643 3456 1697 Dei
3487 1645 3895 1715 templum,nisi

2309 1734 2583 1789 Christum
2615 1734 2921 1804 significat?
2951 1735 3005 1788 in
3045 1751 3150 1805 quo
3178 1736 3343 1789 omnis
3369 1736 3646 1805 plenitudo
3693 1739 3886 1792 divini-

2312 1827 2434 1881 tatis
2461 1827 2713 1880 inhabitat
2737 1826 3078 1896 corporaliter
3103 1824 3239 1892 (Col.
3269 1842 3330 1889 ιι,
3360 1826 3438 1893 9).
3475 1826 3731 1896 Apertum
3759 1843 3885 1882 vero

627 1923 750 1976 dent
777 1924 831 1975 in
858 1922 1066 1976 sedibus
1087 1923 1220 1985 suis,
1251 1921 1542 1972 ceciderunt
1570 1921 1622 1972 in
1650 1919 1810 1988 facies
1852 1935 1994 1972 suas.
2028 1918 2103 1970 De
2134 1932 2214 1972 se-
2245 1904 2291 1964 Β
2315 1919 2534 1982 dicitur,
2562 1919 2686 1987 quia
2728 1918 2842 1988 jam
2880 1926 3060 1981 natus,
3103 1931 3318 1985 passus,
3365 1917 3660 1972 suscitatus
3699 1927 3756 1972 et
3794 1917 3904 1972 ele-

627 2014 868 2069 nioribus
905 2011 1019 2080 jam
1076 2012 1277 2065 dictum
1307 2019 1389 2064 est
1426 2012 1550 2080 quia
1591 2011 1970 2079 praedicatores
2009 2009 2213 2079 signiti-

627 2113 773 2168 cant,
804 2107 944 2174 quod
974 2105 1026 2157 in
1054 2104 1230 2172 specie
1260 2119 1427 2173 genus
1455 2103 1674 2173 intelligi
1711 2103 1923 2156 debeat.
1956 2103 2097 2157 Bene
2119 2117 2214 2156 an-

629 2204 740 2250 tem
766 2195 953 2266 viginti
996 2202 1227 2264 quatuor
1271 2209 1368 2264 pro
1416 2194 1695 2248 duodecim
1740 2193 1930 2256 tribus,
1981 2201 2035 2247 et
2087 2193 2217 2247 duo-

631 2287 805 2343 decim
851 2288 1124 2356 apostolis.
1174 2288 1279 2342 Per
1329 2288 1483 2340 scies
1508 2297 1561 2338 et
1591 2286 1830 2339 seniores
1866 2301 1968 2338 una
2015 2284 2218 2338 Christi

631 2377 788 2432 sedes
815 2377 1151 2446 intelligitur,
1185 2378 1237 2431 in
1270 2377 1504 2447 praalatis
1540 2386 1595 2430 et
1623 2375 1880 2430 Subditis.
1927 2376 2088 2430 Recte
2123 2391 2218 2436 au-

631 2476 744 2524 tem
771 2470 1010 2524 seniores
1056 2471 1108 2524 in
1158 2479 1448 2540 conspectu
1491 2469 1582 2523 Dei
1625 2470 1810 2524 sedere
1846 2470 2216 2538 perhibentur,

635 2561 763 2632 quia
792 2559 1153 2630 subiectorum
1183 2559 1323 2615 facta
1353 2560 1744 2623 examinantes,
1787 2575 1892 2614 non
1930 2560 2222 2613 humanam

633 2664 733 2721 per
769 2651 872 2705 hoc
909 2652 1160 2722 gratiam,
1213 2652 1306 2706 sed
1345 2650 1438 2705 Dei
1471 2651 1695 2720 gloriam
1723 2658 1990 2719 quaerunt.
2033 2648 2089 2703 ln
2138 2648 2219 2702 fa-

636 2744 775 2800 ciem
807 2745 1024 2807 cadunt,
1063 2745 1187 2813 quia
1230 2758 1387 2798 omne
1432 2746 1629 2798 bonum
1663 2759 1765 2797 non
1806 2743 1930 2807 sibi,
1983 2741 2076 2796 sed
2113 2740 2223 2796 Deo

640 2835 903 2890 tribuunt.
934 2833 1369 2889 Et-adoraverunt
1392 2834 1581 2898 Deum,
1599 2835 1825 2887 dicentes
1852 2847 1870 2884 :
1898 2833 2081 2904 (Vens.
2134 2831 2221 2903 l7)

637 2923 852 2979 Gratias
899 2925 1100 2996 agimus
1137 2925 1260 2990 tibi,
1299 2925 1514 2978 Domine
1558 2925 1700 2978 Deus
1739 2926 2094 2994 omnipotens,
2133 2924 2222 2994 qui

637 3030 776 3080 eras,
805 3022 853 3068 et
873 3014 962 3085 qui
987 3029 1060 3068 es.
1093 3014 1150 3068 In
1187 3030 1252 3069 eo
1283 3014 1425 3085 quod
1453 3031 1559 3070 non
1589 3016 1794 3079 dicunt,
1837 3015 1926 3084 qui
1966 3024 2224 3070 venturus

639 3113 746 3172 est,
773 3106 940 3162 claret
969 3107 1084 3161 haec
1108 3107 1288 3162 omnia
1318 3107 1370 3160 in
1401 3117 1644 3163 extremo
1663 3107 1866 3177 judicio
1892 3107 2114 3164 dicenda
2139 3108 2226 3164 vel

640 3197 866 3268 agenda.
909 3196 1061 3264 Quod
1085 3205 1264 3251 autem
1293 3198 1537 3267 sequitur
1565 3216 1577 3251 :

712 3287 874 3342 Vens.
910 3255 996 3343 [8.
1026 3288 1247 3354 —Quia
1262 3255 1502 3360 accepisti
1529 3290 1928 3343 virtutemtuam
1952 3305 2219 3358 magnum,
2245 3255 2297 3322 θ

641 3387 691 3432 et
715 3377 866 3432 iratis
889 3388 1009 3432 sunt
1029 3389 1234 3450 gentes;
1263 3382 1328 3435 ad
1350 3383 1583 3451 primum
1610 3383 1727 3452 ejus
1751 3383 2037 3437 adventum
2056 3383 2223 3451 perti-

644 3475 759 3523 net.
787 3467 1009 3538 Accepit
1031 3471 1287 3524 virtutem
1326 3487 1577 3540 magnam
1604 3473 1656 3525 in
1686 3473 2040 3538 humanitate,
2062 3489 2225 3542 quam

645 3571 860 3628 semper
881 3560 1068 3613 habuit
1095 3575 1192 3628 per
1217 3561 1570 3616 divinitatem.
1602 3562 1755 3627 Quod
1781 3579 1910 3616 vero
1943 3564 2223 3627 subditur,

645 3646 774 3716 quia
798 3645 1005 3701 advenit
1030 3649 1111 3701 ira
1139 3658 1229 3702 tua
1253 3658 1301 3701 et
1319 3658 1518 3703 tempus
1542 3661 1890 3715 mortuorum,
1915 3652 1980 3706 de
1994 3652 2229 3706 secundo

647 3736 863 3792 dicitur.
897 3737 1004 3794 Sed
1036 3755 1160 3794 cum
1191 3740 1448 3794 Dominus
1471 3742 1638 3807 dicat,
1668 3743 2231 3813 Diligiteinimicosve-

647 3836 784 3883 stros
817 3827 1033 3899 (Matth.
1065 3847 1118 3896 v,
1155 3830 1269 3901 ιι),
1293 3833 1561 3900 quomodo
1602 3833 1668 3887 de
1697 3834 1928 3888 adventu
1976 3834 2069 3888 ira:
2115 3832 2231 3902 eius

646 3919 703 3974 in
733 3921 990 3988 reprobos
1033 3921 1119 3975 isti
1147 3923 1348 3992 gratias
1387 3938 1548 3993 agere
1581 3923 1926 3979 referuntur?
1955 3923 2070 3980 Non
2102 3939 2231 3996 ergo

647 4025 748 4082 pro
775 4011 1036 4067 malorum
1055 4014 1376 4081 perditione,
1405 4015 1499 4069 sed
1536 4030 1634 4084 pro
1659 4031 1754 4069 sua
1781 4016 2014 4086 gaudent
2051 4029 2234 4070 resur-

649 4101 892 4157 rectione
931 4111 989 4157 et
1031 4102 1440 4173 gloriﬁcatione,
1486 4119 1649 4174 quam
1681 4106 1859 4160 sciunt
1891 4120 2232 4177 nequaquam

649 4206 809 4264 posse
837 4192 1071 4264 impleri,
1092 4195 1196 4249 nisi
1232 4195 1506 4249 damnatio
1534 4196 1870 4264 praecesserit
1919 4196 2228 4265 impiorum.

649 4284 813 4343 Juxta
841 4289 985 4343 hunc
1009 4289 1360 4355 intellectum,
1393 4291 1902 4346 animaeoccisorum
1931 4291 2032 4346 sub
2059 4293 2233 4348 altare

652 4377 748 4433 Dei
773 4379 1008 4434 clamare
1031 4381 1408 4448 perhibentur,
1443 4379 1738 4451 Usquequo,
1776 4381 2019 4447 Domine,
2049 4390 2105 4436 et
2131 4398 2236 4438 cte-

652 4477 771 4526 tera
820 4471 1004 4541 (Apoc.
1026 4487 1104 4534 VI,
1131 4471 1241 4539 10).
1260 4471 1378 4526 Non
1404 4473 1550 4526 enim
1577 4473 1869 4527 vindictam
1901 4482 2231 4542 exposcunt,

655 4563 750 4617 sed
787 4561 962 4633 [Cod.,
995 4562 1047 4617 in
1071 4579 1166 4632 pro
1190 4563 1305 4636 sed]
1339 4579 1446 4633 quo
1461 4564 1573 4634 ipsi
1613 4571 1735 4633 post
1759 4564 2026 4618 malorum
2053 4565 2232 4619 vindi-

549 4683 592 4742 2‘
654 4658 797 4706 ctam
825 4662 1254 4708 remunerentur.
1283 4655 1417 4709 llinc
1473 4653 1755 4708 Psalmista
1797 4653 2232 4725 :La-tabiturju-

652 4749 765 4794 stus
792 4757 909 4794 cum
930 4741 1113 4796 viderit
1141 4743 1418 4798 vindictam
1449 4741 1622 4815 (Psal.
1654 4758 1782 4808 Lvu,
1815 4744 1923 4815 ll).
1953 4745 2037 4799 Ira
2068 4746 2232 4816 igitur

649 4831 872 4902 judicis,
897 4846 1004 4886 non
1024 4835 1480 4900 perturbationem
1504 4835 1722 4900 mentis,
1741 4836 1833 4890 sed
1855 4836 2228 4891 rectitudinem

657 4921 948 4994 signiﬁcat.
976 4922 1197 4988 Qualem
1236 4925 1414 4993 itaque
1440 4927 1826 4981 conscientiam
1858 4928 1979 4996 quis
2009 4927 2226 4994 tulerit,

657 5013 819 5068 talem
869 5026 994 5066 eum
1040 5013 1262 5068 videbit.
1303 5015 1548 5072 Judicari
1592 5027 1640 5073 et
1677 5018 1892 5072 reddere
1941 5020 2228 5074 mercedem

655 5103 814 5157 seruis
841 5103 943 5157 tuis
969 5104 1228 5174 prophetis
1247 5145 1261 5168 ,
1293 5114 1340 5158 et
1363 5110 1574 5171 sanctis,
1608 5118 1656 5163 et
1693 5109 1992 5163 timentibus
2039 5126 2229 5164 nomen

656 5204 803 5248 tuum
827 5194 1032 5264 pusillis
1049 5235 1065 5259 ,
1091 5205 1138 5249 et
1168 5197 1390 5267 magnis.
1417 5196 1549 5252 Cum
1576 5200 1862 5268 Apostolus
1890 5201 2034 5256 dicat
2057 5202 2230 5271 gratia

658 5300 758 5339 nos
793 5286 1050 5350 salvatos,
1091 5287 1359 5356 quomodo
1396 5289 1654 5345 Dominus
1681 5293 1770 5348 hic
1799 5295 2103 5349 mercedem
2151 5293 2232 5346 di-

659 5378 800 5431 citur
822 5377 1084 5432 reddere?
1107 5377 1394 5436 Sciendum
1426 5397 1556 5452 ergo
1597 5384 1722 5452 quia
1750 5401 1874 5440 cum
1904 5386 2046 5441 Deus
2092 5401 2234 5440 mer-

658 5468 844 5523 cedem
875 5470 1045 5523 servis
1072 5470 1185 5524 suis
1205 5472 1400 5536 reddit,
1425 5488 1521 5526 sua
1549 5471 1602 5524 in
1626 5471 1706 5525 eis
1731 5473 1869 5527 dona
1896 5482 2228 5529 remunerat.

659 5560 808 5632 Opus
844 5561 989 5615 enim
1016 5562 1284 5617 mercedis
1313 5563 1510 5619 habere
1549 5563 1854 5634 nequimus,
1883 5566 1983 5620 nisi
2027 5568 2095 5622 ab
2141 5567 2232 5622 illo

657 5661 720 5706 nt
746 5667 1097 5722 operaremur
1133 5655 1552 5723 accepissemus.
1583 5655 1649 5708 Et
1694 5661 1820 5708 nota
1845 5657 1988 5724 quod
2031 5657 2086 5711 in
2111 5673 2234 5727 pro-

661 5743 946 5810 phetarum
977 5745 1196 5799 nomine
1221 5747 1447 5815 apostoli
1488 5747 1858 5814 designantur.
1885 5746 2095 5802 Interea
2117 5750 2235 5802 nul-

665 5832 750 5890 lus
782 5834 850 5892 de
873 5850 971 5896 sua
1010 5835 1342 5908 perfectione
1383 5838 1631 5907 desperet
1658 5881 1672 5908 ,
1715 5842 1759 5896 si
1791 5850 1968 5897 tamen
1995 5841 2250 5927 perfecta

2314 2018 2470 2064 vatus
2496 2021 2577 2063 est
2595 2009 2875 2073 Christus;
2907 2023 3025 2078 quae
3045 2008 3225 2062 omnia
3250 2008 3442 2077 quiain
3473 2009 3713 2064 Ecclesia
3742 2009 3906 2064 Chri-

2315 2109 2431 2154 stus
2454 2099 2644 2154 l'ecisse
2673 2099 3018 2169 prmdicatur,
3059 2098 3181 2152 ideo
3221 2097 3275 2152 in
3307 2099 3433 2152 caelo
3473 2099 3736 2168 templum
3764 2115 3906 2170 ape-

2269 2185 2426 2246 ‘rire
2467 2192 2684 2246 dicitur.
2734 2191 2874 2245 Arca
2921 2191 3230 2245 testamenti
3277 2191 3502 2245 Ecclesia
3528 2202 3788 2254 vocatur,
3839 2191 3909 2246 in

2319 2301 2423 2354 qua
2449 2285 2678 2339 duorum
2724 2283 3192 2339 Testamentorum
3235 2283 3412 2336 virtus
3445 2283 3613 2353 digito
3639 2283 3743 2337 Dei
3766 2284 3906 2337 scri-

2319 2386 2410 2446 pta
2461 2383 2544 2429 est
2577 2389 2591 2427 :
2619 2389 2740 2444 qua:
2793 2373 2948 2442 juxta
2991 2373 3148 2428 tidem
3192 2373 3362 2428 Exodi
3391 2383 3629 2444 quatuor
3675 2374 3906 2428 circulos

2322 2483 2520 2522 aureos
2547 2466 2738 2529 habet,
2772 2467 2823 2520 in
2864 2465 3058 2536 quibus
3101 2474 3333 2534 quatuor
3358 2465 3609 2521 vectibus
3637 2474 3905 2535 portetur,

2321 2560 2372 2614 id
2394 2567 2477 2612 est
2503 2565 2734 2627 quatuor
2763 2555 3049 2627 Evangelia
3067 2595 3080 2618 ,
3115 2570 3212 2625 per
3250 2571 3374 2624 qua:
3399 2570 3428 2608 a
3458 2555 3672 2609 sanctis
3720 2553 3909 2625 pradi.

2321 2651 2596 2707 catoribus
2624 2648 2953 2720 gubernatur
2978 2666 2991 2700 :
3025 2648 3078 2702 in
3107 2663 3213 2718 qua
3243 2656 3327 2702 est
3348 2663 3485 2700 urna
3515 2661 3688 2700 aurea
3722 2661 3912 2701 manus

2322 2742 2622 2802 continens,
2656 2740 2708 2794 id
2751 2748 2835 2795 est
2867 2739 3033 2794 divini
3065 2739 3212 2793 verbi
3262 2739 3527 2809 sapientia
3561 2756 3692 2794 cum
3723 2738 3912 2808 pabulo

2321 2834 2446 2888 vitae
2472 2851 2485 2886 :
2516 2847 2617 2887 nec
2636 2846 2744 2885 non
2771 2840 2827 2886 et
2851 2831 3003 2901 virga
3037 2830 3235 2890 Aaron,
3267 2830 3320 2884 id
3349 2837 3432 2884 est
3462 2829 3795 2899 approbatio
3829 2842 3913 2884 re-

2323 2927 2457 2998 galis
2482 2925 2787 2982 sacerdotii.
2821 2925 2888 2978 Et
2925 2924 3068 2994 facta
3112 2932 3233 2977 sunt
3260 2922 3500 2993 fulgura,
3550 2933 3602 2975 et
3650 2939 3824 2986 roces,
3869 2929 3914 2974 et

2324 3021 2578 3084 tonitrua,
2600 3029 2647 3073 et
2676 3028 2828 3072 terra:
2857 3026 3049 3080 motus,
3080 3027 3128 3069 et
3179 3015 3378 3086 grando
3425 3031 3649 3083 magna.
3685 3013 3917 3084 Fulgura

2323 3118 2448 3164 sunt
2481 3108 2862 3164 miraculon
2885 3106 3060 3178 signa,
3096 3105 3294 3176 quibus
3314 3105 3587 3176 perculsa
3615 3104 3912 3158 inﬁdelium

2326 3211 2556 3266 mentes,
2587 3199 2874 3256 humilitati
2903 3214 2961 3254 se
2979 3197 3353 3254 subdiderunt.
3385 3195 3540 3252 Unde
3573 3196 3865 3250 Psalmista
3900 3211 3914 3246 :

2326 3259 2557 3366 Fulgura
2611 3291 3019 3361 multiplicabis,
3065 3296 3120 3342 et
3176 3288 3529 3344 conturbabis
3587 3303 3682 3342 eos
3741 3259 3976 3354 (Ριιςιι.ἸΙί

2327 3401 2461 3449 xvu,
2515 3384 2622 3455 15).
2677 3383 2822 3438 Bene
2865 3390 3045 3437 autem
3084 3389 3205 3450 post
3245 3379 3459 3450 fulgura
3505 3396 3684 3441 voces,
3741 3377 3798 3432 id
3842 3385 3919 3431 est

2326 3478 2738 3550 praedicatores,
2762 3480 3064 3544 ponuntur;
3099 3471 3222 3540 quia
3269 3470 3693 3541 praedicatores,
3746 3476 3808 3522 ut
3850 3467 3921 3522 lo-

2327 3567 2538 3638 quendo
2569 3563 2876 3620 incredulos
2897 3563 2963 3618 ad
3002 3562 3161 3616 iidem
3185 3560 3570 3630 perducerent,
3601 3559 3760 3629 prius
3787 3571 3919 3612 non

2329 3656 2590 3711 miracula
2630 3655 3010 3710 exhibuerunt.
3044 3651 3173 3706 Post
3205 3651 3366 3704 verba
3398 3657 3584 3702 autem
3617 3657 3922 3718 sequuntur

2329 3748 2602 3812 tonitrua,
2644 3755 2705 3800 ut
2749 3745 2842 3815 qui
2887 3759 3049 3799 voces
3095 3741 3422 3812 despiciunt,
3469 3751 3692 3794 terrore
3741 3737 3920 3809 judicii

2327 3837 2658 3907 quatiantur.
2694 3835 2892 3890 Deinde
2936 3841 3296 3896 terrremotus,
3351 3830 3405 3885 id
3450 3838 3534 3884 est
3574 3829 3916 3900 persecutio,

2329 3941 2451 3996 quae
2496 3941 2594 3994 per
2635 3924 2952 3996 grandinem
3012 3922 3304 4011 signatur,
3323 3918 3476 3974 Sicut
3513 3918 3670 3973 enim
3719 3917 3918 3988 grando

2329 4018 2511 4088 fruges
2557 4025 2721 4073 terra;
2761 4014 3176 4071 comminuendo
3209 4011 3627 4076 comminuitur,
3676 4021 3734 4065 et
3786 4019 3920 4065 terra

2331 4109 2506 4164 denuo
2532 4106 2850 4171 l‘ructiﬂcat;
2899 4106 2979 4159 sic
3030 4103 3214 4159 furens
3244 4101 3400 4157 turba
3446 4099 3768 4172 gentilium,
3801 4100 3919 4154 dum

2332 4215 2529 4255 nomen
2578 4198 2675 4251 Dei
2706 4197 2772 4252 de
2801 4205 2946 4251 terra
2972 4194 3186 4249 auferre
3217 4199 3411 4249 conata
3451 4200 3559 4254 est,
3612 4191 3733 4260 ipsa
3758 4190 3826 4243 ad
3849 4188 3923 4242 nl-

2333 4291 2503 4347 bilum
2551 4290 2770 4345 redacta
2816 4295 2938 4352 est,
2977 4295 3072 4342 aut
3111 4285 3319 4341 viribus
3362 4291 3458 4338 aut
3494 4283 3924 4338 commutatione

2334 4381 2391 4436 in
2427 4381 2640 4437 melius.
2690 4379 2882 4434 Plures
2909 4377 3055 4433 enim
3098 4377 3164 4432 de
3205 4375 3290 4431 bis
3317 4374 3386 4430 ad
3414 4373 3582 4428 ﬁdem
3606 4371 3823 4428 Christi
3849 4385 3924 4427 re-

2335 4474 2569 4530 dierunt.

2932 4539 3160 4597 CAPUT
3194 4539 3308 4595 XII.

2406 4658 2570 4712 Vens.
2601 4656 2651 4710 l.
2676 4684 2748 4696 —
2769 4653 2838 4708 Et
2862 4655 3066 4724 signum
3095 4667 3343 4723 magnum
3385 4650 3634 4720 apparuit
3677 4648 3742 4702 in
3779 4649 3920 4710 creto,

2335 4746 2524 4800 mulier
2545 4746 2738 4800 amicta
2770 4743 2900 4809 sole,
2943 4751 2990 4796 et
3031 4741 3159 4795 luna
3183 4742 3278 4796 sub
3303 4739 3516 4810 pedibus
3560 4739 3706 4808 ejus.
3741 4737 3921 4792 Mulier

2271 4894 2279 4902 ,
2335 4839 2530 4893 amicta
2561 4837 2674 4892 sole
2698 4836 2857 4892 beata
2891 4835 3044 4903 virgo
3071 4833 3237 4888 Maria
3272 4840 3376 4896 est,
3405 4830 3740 4886 obumbrata
3767 4829 3922 4884 Altis-

2335 4930 2457 4984 simi
2493 4930 2711 4993 virtute,
2752 4928 2806 4981 in
2837 4942 2944 4996 qua
2990 4926 3154 4980 etiam
3193 4939 3381 4997 genus,
3423 4923 3477 4978 id
3521 4931 3610 4979 est
3652 4923 3922 4985 Ecclesia,

2335 5017 2679 5086 intelligitur;
2719 5031 2840 5086 quae
2878 5030 2985 5070 non
3024 5022 3247 5085 propter
3277 5013 3556 5070 mollitiem
3599 5013 3816 5068 mulier
3848 5013 3926 5067 di-

2335 5111 2492 5171 citur,
2533 5109 2627 5163 sed
2655 5108 2781 5178 quia
2807 5122 2974 5162 novos
3000 5107 3240 5176 quotidie
3261 5107 3484 5177 pupulos
3507 5108 3676 5178 parit,
3711 5123 3783 5162 ex
3818 5107 3926 5176 qui-

2334 5201 2437 5256 bus
2474 5200 2722 5270 generale
2761 5199 2962 5254 Christi
2999 5214 3196 5270 corpus
3241 5199 3632 5255 conformatur.
3679 5199 3948 5254 Ecclesia

2337 5293 2519 5362 itaque
2543 5292 2656 5347 sole
2678 5291 2874 5346 amicta
2893 5300 2994 5352 est,
3017 5290 3172 5358 juxta
3203 5291 3331 5345 illud
3357 5310 3370 5346 :
3397 5291 3675 5360 Quotquot
3701 5292 3762 5344 in
3778 5290 3927 5344 Chii-

2339 5392 2417 5436 sto
2461 5383 2708 5452 baptizati
2737 5383 2881 5444 estis,
2923 5379 3188 5434 Christum
3232 5382 3475 5435 induistis
3503 5379 3649 5450 (Gal.
3697 5398 3788 5445 ιιι.
3817 5381 3924 5446 27).

2339 5475 2585 5530 Christus
2611 5483 2693 5529 est
2713 5475 2852 5529 enim
2877 5474 3216 5543 soljustitite,
3247 5485 3301 5530 et
3326 5475 3525 5529 candor
3547 5475 3685 5529 lucis
3717 5487 3928 5530 cetera!

2341 5567 2495 5639 (Sap.
2523 5583 2619 5628 vu,
2649 5565 2760 5638 26).
2790 5566 2894 5622 Per
2918 5567 3099 5620 lunam
3126 5582 3276 5630 vero,
3305 5582 3422 5636 qnze
3450 5583 3548 5637 per
3584 5567 3930 5622 incrementa

2340 5667 2640 5729 temporum
2667 5658 2868 5726 deficit,
2916 5659 3248 5714 mutabilitas
3287 5661 3542 5730 temporis
3568 5662 3930 5730 exprimitur,

2339 5768 2500 5824 quam
2527 5751 2766 5808 Ecclesia
2796 5752 2923 5822 quia
2961 5751 3189 5821 despicit
3218 5752 3374 5821 quasi
3403 5753 3502 5806 sub
3530 5752 3778 5823 pedibus
3804 5767 3931 5822 pre-

2341 5843 2458 5900 mit.
2501 5843 2568 5898 Et
2594 5850 2720 5899 nota
2752 5842 2878 5914 quia
2911 5849 3037 5898 sunt
3061 5843 3306 5913 quaedam
3335 5842 3390 5899 in
3423 5843 3793 5915 sequentibus
3813 5855 3934 5914 qua
