4088 6330
279 318 418 380 1135

1042 311 1452 373 EXEGETICA.
1486 341 1557 354 -—
1591 304 1946 370 COMMENT.
1985 303 2055 361 IN
2092 301 2382 362 APOCAL.
2421 331 2492 344 —
2525 300 2652 358 LIB.
2694 297 2759 356 ν.
3253 291 3280 312 ³⁵

3403 299 3540 356 1154

278 450 388 490 ιιοιι
422 432 640 503 speciei,
673 429 766 487 sed
793 427 977 502 generi
1006 429 1349 485 conveniunt.
1383 426 1450 481 Et
1471 428 1526 480 in
1555 426 1719 497 capite
1743 423 1856 494 ejus
1883 429 1932 486 Α
1959 430 2043 474 tus
2079 430 2152 473 est
2194 418 2285 472 tibi
2313 434 2440 488 puer
2464 415 2727 471 masculus
2758 413 2973 486 (Jerem.
3001 429 3096 481 xx,
3127 412 3237 481 15).
3273 413 3542 470 Caeterum

280 544 475 582 corona
504 526 778 580 stellarum
815 522 1108 578 duodecim.
1137 521 1429 578 Duodecim
1469 517 1635 574 stella:
1667 515 1862 587 quibus

280 635 482 676 corona
529 627 764 690 aptatur,
810 617 1092 674 duodecim
1138 623 1266 670 sunt
1311 611 1560 683 apostoli,
1599 625 1696 679 per
1727 621 1862 678 quos

277 711 456 784 primo
506 717 666 780 caput
710 708 988 773 Ecclesiae,
1034 707 1088 761 id
1134 713 1218 761 est
1263 704 1530 784 Christus,
1574 700 1860 756 victoriam

281 799 597 872 reportavit.
648 799 829 855 Stella:
875 807 1056 853 autem
1097 803 1380 861 vocantur,
1436 792 1562 862 quia
1610 791 1862 845 tenebras

283 893 600 963 ignorantia:
629 891 770 946 ratio
813 889 1059 945 veritatis
1090 887 1342 942 illustrat.
1375 883 1559 955 (Vens.
1589 881 1669 953 2.)
1697 880 1767 934 Et
1805 881 1863 934 in

282 993 430 1041 utero
452 985 645 1039 habens
667 983 864 1039 clamat
884 983 1200 1054 parturiens,
1226 988 1274 1035 et
1295 979 1570 1034 cruciatur
1589 983 1642 1029 ut
1666 975 1860 1045 pariat.

281 1071 411 1129 Haec
449 1074 621 1129 beatae
648 1073 830 1128 Mariae
867 1055 1382 1142 specialiter'aptari
1429 1072 1723 1137 nequeunt,
1769 1064 1864 1119 sed

282 1163 539 1219 Ecclesia:
575 1180 716 1235 quae,
744 1164 871 1219 dum
910 1178 1004 1217 eos
1030 1178 1164 1232 quos
1190 1161 1303 1231 jam
1330 1165 1636 1230 pepererat,
1668 1156 1864 1211 iterum

283 1257 536 1327 parturit,
568 1256 859 1326 quamdam
899 1262 1085 1325 partus
1113 1251 1481 1308 difﬁcultatem
1509 1249 1597 1304 hic
1623 1247 1858 1318 patitur;

283 1363 586 1420 quousque,
619 1349 772 1418 juxta
803 1347 1044 1417 Apostoli
1065 1360 1269 1410 vocem,
1301 1342 1491 1399 Omnes
1528 1355 1865 1396 occurramus

283 1446 342 1500 in
381 1447 548 1500 virum
588 1445 870 1515 perfectum
915 1442 1129 1514 (Ephes.
1175 1456 1252 1506 ιν,
1300 1439 1411 1512 15).
1441 1437 1625 1509 (Vens.
1669 1434 1748 1504 3.)
1796 1433 1867 1487 Et

285 1538 452 1593 visum
487 1545 560 1590 est
587 1534 734 1589 aliud
755 1534 960 1605 signum
988 1533 1045 1586 in
1075 1530 1232 1596 caelo;
1253 1539 1300 1584 et
1324 1545 1438 1584 ecce
1465 1528 1626 1582 draco
1648 1540 1866 1596 magnus

287 1628 438 1696 rufus
476 1625 669 1679 habens
711 1625 884 1695 capita
927 1631 1138 1694 septem,
1169 1630 1218 1675 et
1260 1634 1460 1674 cornua
1497 1617 1692 1680 decem,
1735 1623 1784 1668 et
1810 1615 1869 1667 in

288 1716 542 1788 capitibus
590 1715 703 1770 suis
742 1722 934 1785 septem
980 1713 1300 1767 diademata.
1346 1708 1602 1764 Diabolus
1646 1714 1868 1777 propter

1963 511 2204 567 Ecclesia
2243 524 2350 563 non
2394 508 2782 572 effeminatum,
2816 523 2924 562 non
2973 506 3259 563 remissum
3297 516 3538 576 generat.
3619 491 3632 534 θ’

1964 603 2068 670 Qui
2111 612 2345 657 recturus
2373 601 2480 656 erit
2519 610 2692 672 gentes
2733 601 2790 654 in
2831 601 2977 670 virga
3019 593 3210 669 ferrea.
3251 597 3362 653 Hoc
3397 610 3450 654 et
3475 601 3544 655 ad

1961 701 2142 765 caput,
2175 700 2228 748 et
2257 694 2323 746 ad
2352 707 2549 760 corpus
2593 690 2873 760 redigitur.
2917 688 3021 745 Per
3040 691 3248 760 virgam
3278 689 3543 744 rectitudo

1954 781 2178 853 iustitia:
2217 783 2562 852 exprimitur.
2606 780 2759 836 Unde
2797 779 3080 836 Psalmista
3111 797 3123 833 :
3161 781 3324 851 Virga
3369 788 3540 846 recta,

1962 886 2016 931 et
2057 883 2268 931 caetera.
2297 873 2436 941 Quid
2463 883 2548 929 est
2574 883 2752 930 autem
2791 876 2933 945 quod
2977 875 3226 930 subditur
3255 893 3267 928 :
3295 883 3543 948 tanquam

1962 985 2050 1023 vas
2080 969 2228 1039 ﬁguli
2259 976 2607 1022 conterentur
2644 966 2826 1037 (Apoc.
2868 983 2926 1032 ιι,
2957 966 3086 1037 ‘27)?
3119 967 3223 1022 nisi
3267 967 3393 1037 quia
3419 984 3547 1023 cen-

1965 1075 2089 1116 sura
2114 1061 2339 1130 justitiae
2359 1059 2620 1113 lutulenta
2645 1059 2697 1112 in
2722 1058 2951 1113 subditis
2976 1073 3140 1129 opera
3167 1067 3543 1128 conteruntur,

1963 1164 2022 1211 ut
2044 1154 2174 1209 ﬁant
2186 1171 2253 1210 ex
2276 1156 2415 1209 vasis
2443 1154 2938 1224 contemptibilibus
2957 1171 3083 1210 vasa
3103 1157 3323 1213 honoris
3345 1169 3398 1213 et
3422 1173 3548 1213 san-

1965 1248 2326 1304 ctilicationis.
2355 1248 2612 1314 Quamvis
2638 1249 2810 1318 possit
2836 1248 2940 1303 hoc
2969 1251 3131 1304 etiam
3167 1239 3239 1305 ad
3283 1251 3546 1321 reprobos

1966 1336 2169 1392 Christi
2195 1337 2400 1392 referri.
2432 1338 2502 1391 Et
2547 1348 2726 1408 raptus
2747 1349 2822 1393 est
2852 1339 2996 1409 ﬁlius
3037 1342 3151 1412 ejus
3193 1341 3263 1396 ad
3308 1341 3476 1397 Deum
3499 1352 3547 1397 et

1967 1430 2036 1484 ad
2083 1432 2325 1484 thronum
2369 1431 2504 1501 ejus.
2550 1431 2662 1486 Hoc
2705 1432 2864 1501 paulo
2897 1433 3146 1503 superius
3192 1434 3395 1489 dictum
3442 1442 3544 1490 est.

1969 1522 2155 1596 (Vens.
2183 1523 2260 1589 6.)
2287 1523 2354 1576 Et
2377 1523 2568 1577 mulier
2593 1525 2761 1594 fugiet
2801 1527 2854 1578 in
2895 1525 3251 1590 solitudinem,
3277 1525 3363 1580 ubi
3388 1527 3551 1582 habet

1968 1611 2138 1668 locum
2182 1624 2426 1685 paratum
2463 1632 2495 1668 a
2537 1614 2666 1680 Deo,
2710 1625 2766 1668 ut
2810 1615 2881 1668 ibi
2924 1626 3140 1686 pascant
3180 1617 3323 1672 illam
3369 1619 3550 1673 diebus

1969 1705 2111 1759 mille
2130 1699 2374 1760 ducentis
2417 1707 2708 1778 sexaginta.
2752 1705 2864 1762 Hoc
2902 1717 2984 1763 est
3011 1709 3291 1764 mulierem
3333 1711 3385 1764 in
3420 1709 3548 1765 soli-

286 1783 546 1864 malitiam
586 1806 780 1870 draco;
800 1783 1029 1874 propter
1055 1800 1509 1871 multiplicitatem
1549 1797 1866 1851 insidiarum
1895 1783 1944 1843 Β
1974 1794 2209 1848 tudinem
2239 1793 2441 1864 fugere,
2475 1797 2615 1864 quod
2644 1797 2812 1851 lilium
2841 1796 2956 1866 ejus
2985 1799 3052 1852 ad
3095 1800 3262 1854 Deum
3294 1801 3438 1869 rapi;
3470 1801 3551 1854 ru-

289 1912 547 1965 magnus;
575 1904 794 1966 propter
816 1893 1166 1949 homicidium
1193 1889 1347 1946 rufus
1377 1899 1620 1945 vocatur.
1647 1887 1704 1942 In
1733 1887 1870 1942 coelo

289 1997 467 2043 autem
485 2029 500 2053 ,
528 1988 580 2042 id
601 1987 756 2042 estin
783 1984 1024 2039 Ecclesia
1054 1983 1289 2046 videtur,
1323 1995 1426 2035 non
1447 1994 1556 2049 quo
1574 1977 1868 2047 possideat,

290 2081 382 2136 sed
423 2078 548 2148 quia
589 2079 638 2132 ei
680 2077 1015 2133 adversatur.
1040 2074 1101 2128 ιιι
1143 2073 1412 2142 capitibus
1447 2080 1501 2125 et
1532 2071 1586 2123 in
1616 2068 1872 2122 cornibus

289 2180 464 2227 totum
491 2169 605 2239 ejus
632 2184 856 2238 regnum
887 2166 1218 2227 ostenditur;
1245 2171 1500 2230 tanquam
1533 2167 1736 2227 septem
1777 2165 1868 2211 ca-

287 2265 402 2333 pita
448 2267 635 2314 contra
679 2267 883 2328 septem
927 2255 1222 2318 Ecclesias,
1272 2261 1475 2322 septem
1518 2249 1740 2319 spiritus
1773 2261 1869 2302 ne-

291 2367 454 2424 quam
482 2360 670 2406 contra
709 2348 1074 2420 septiformem
1111 2347 1358 2418 spiritum
1391 2344 1508 2410 Dei,
1539 2343 1725 2397 decem
1744 2357 1869 2396 cor-

293 2462 398 2500 nua
430 2451 618 2500 contra
647 2443 831 2498 decem
876 2449 1142 2513 praecepta
1170 2439 1304 2509 legis
1335 2436 1625 2493 venientia.
1670 2433 1778 2489 Sed
1808 2433 1872 2489 de

295 2534 379 2590 his
404 2534 566 2589 latius
587 2535 641 2588 in
662 2533 1011 2602 sequentibus
1035 2532 1261 2586 dicetur.
1289 2527 1475 2600 (Vens.
1505 2526 1582 2591 4.)
1614 2525 1680 2580 Et
1701 2525 1871 2580 cauda

291 2627 406 2698 ejus
435 2626 672 2680 trahebat
713 2626 916 2679 tertiam
945 2631 1143 2695 partem
1174 2619 1446 2675 stellarum
1475 2617 1610 2683 caeli,
1641 2625 1689 2671 et
1732 2616 1873 2670 misit

293 2732 382 2772 eas
407 2718 461 2770 in
493 2709 918 2770 terrameauda
957 2713 1210 2768 draconis
1253 2718 1377 2765 sunt
1403 2708 1640 2779 perversi
1681 2706 1874 2776 praedi-

295 2817 528 2872 catores,
569 2804 724 2874 juxta
771 2805 944 2860 illud:
977 2803 1238 2875 Propheta
1285 2803 1472 2856 docens
1521 2800 1871 2865 mendacium,

296 2899 404 2968 ipse
430 2897 599 2952 cauda
626 2907 700 2951 est
725 2895 860 2967 (Isa.
890 2911 969 2960 Ix,
1000 2894 1106 2966 15).
1149 2894 1254 2950 Eos
1273 2893 1365 2963 qui
1393 2891 1524 2946 foris
1549 2891 1728 2946 studio
1752 2890 1874 2944 vita:

298 2988 533 3044 caelestis
574 2988 823 3042 videnlur
862 2987 1148 3051 inhzerere,
1193 2999 1260 3039 ex
1302 2998 1485 3038 amore
1523 2991 1739 3038 terreno
1777 2998 1876 3053 per

1970 1885 2049 1955 git
2071 1886 2215 1939 enim
2242 1877 2504 1950 Ecclesia,
2531 1902 2638 1940 non
2659 1889 2948 1957 corporali,
2980 1889 3073 1943 sed
3103 1890 3331 1960 spiritali
3357 1905 3550 1945 ascen-

1971 1991 2054 2030 su.
2085 1974 2327 2056 solitudo
2360 1985 2628 2031 secretum
2667 1988 2750 2032 est
2787 1980 3002 2034 mentis.
3037 1979 3171 2035 Nam
3220 1981 3393 2036 sancti
3425 1981 3549 2048 viri,

1971 2073 2032 2118 ut
2067 2066 2334 2134 serpentis
2363 2081 2629 2121 venenum
2659 2068 2910 2134 evadant,
2955 2071 3162 2139 seipsos
3209 2072 3552 2127 solitudinem

1972 2152 2192 2216 faciunt,
2223 2156 2404 2210 omnia
2435 2158 2750 2212 transitoria
2776 2167 2828 2212 et
2858 2159 3093 2214 carnalia
3131 2161 3393 2216 desideria
3419 2179 3566 2232 con-ﬂ

1973 2244 2279 2298 temnendo.
2333 2245 2399 2298 Et
2445 2254 2573 2301 nota
2621 2248 2766 2318 quod
2814 2251 3233 2318 praedicatorum
3285 2262 3370 2307 est
3413 2235 3560 2309 hanc

1972 2333 2251 2388 mulierem
2280 2350 2520 2404 pascere.
2552 2336 2726 2392 Locus
2767 2348 2947 2394 autem
2997 2341 3086 2395 ubi
3133 2343 3393 2411 pascitur,
3441 2345 3555 2414 ipse

1972 2433 2056 2480 est
2094 2427 2178 2479 cui
2207 2426 2444 2481 dicitur:
2481 2427 2606 2482 Esto
2653 2431 2780 2484 mihi
2804 2431 2858 2484 in
2897 2431 3066 2486 Deum
3113 2444 3473 2504 protectorem,
3507 2448 3557 2492 et

1973 2518 2028 2571 in
2053 2517 2228 2572 locum
2255 2520 2444 2591 refugii
2471 2521 2641 2592 (Psal.
2671 2539 2800 2590 xxx,
2835 2525 2911 2595 5).
2941 2525 3058 2596 Ipse
3083 2536 3167 2582 est
3193 2537 3247 2583 et
3275 2530 3428 2585 cibus
3449 2545 3558 2600 quo

1973 2611 2231 2682 pascitur,
2263 2613 2351 2682 qui
2382 2614 2455 2666 ait
2480 2629 2494 2666 :
2525 2613 2638 2685 Ego
2658 2632 2772 2669 sum
2796 2618 2947 2686 panis
2971 2617 3126 2673 vivus
3151 2617 3332 2690 (Joan.
3360 2637 3412 2685 v,
3439 2621 3552 2693 55).

1975 2701 2244 2758 Numerus
2277 2712 2456 2758 autem
2487 2705 2588 2761 iste
2617 2707 2823 2761 dierum
2856 2708 2936 2763 sic
2966 2717 3209 2779 tempora
3237 2711 3558 2768 Antichristi

1976 2795 2263 2865 significat,
2295 2803 2352 2848 ut
2399 2803 2576 2850 tamen
2615 2813 2774 2854 omne
2818 2808 3030 2870 tempus
3065 2802 3191 2856 vita:
3217 2804 3497 2872 praesentis
3525 2819 3556 2858 a

1975 2885 2355 2955 przedicatione
2398 2894 2452 2942 et
2498 2885 2748 2957 passione
2794 2887 2998 2944 Christi
3043 2901 3303 2946 assumat.
3357 2893 3558 2948 Eodem

1979 2980 2122 3034 enim
2169 2979 2377 3034 dierum
2429 2997 2654 3037 numero
2697 2985 3005 3056 evangelica
3051 2985 3355 3057 prtcdicatio
3387 3002 3418 3040 a
3448 2987 3558 3041 Do-

298 3078 461 3133 falsos
509 3078 894 3148 prazdieatores
939 3077 1004 3131 ad
1057 3076 1229 3147 aperti
1281 3075 1483 3131 erroris
1531 3073 1869 3143 iniquitatem
1915 3140 1950 3148 _
1980 3069 2126 3124 mino
2154 3071 2295 3124 edita
2328 3079 2428 3136 est,
2450 3087 2575 3141 .quo
2601 3073 2655 3126 in
2691 3073 2797 3129 line
2824 3089 2923 3143 per
2950 3075 3273 3130 novissimos
3301 3076 3561 3145 praedica-

301 3140 528 3234 devolvi;
557 3171 621 3226 de
646 3171 840 3240 quibus
869 3168 968 3224 Joh
1012 3187 1025 3222 :
1055 3140 1424 3224 Obscurentur
1453 3140 1878 3237 stella—caligine
1905 3140 1952 3206 ο
1982 3168 2128 3215 tores
2153 3140 2513 3217 terminandai.

301 3262 414 3331 ejus
439 3261 580 3333 (Job.
610 3277 693 3326 ιιι,
723 3260 800 3330 9).
828 3259 962 3327 Quia
989 3274 1118 3314 vero
1146 3259 1316 3313 cauda
1348 3257 1470 3312 linis
1495 3264 1574 3312 est
1613 3257 1874 3326 corporis,

2053 3252 2216 3306 Vnus.
2252 3252 2302 3306 7.
2334 3284 2403 3293 —
2430 3253 2498 3308 Et
2548 3255 2747 3324 factum
2795 3267 2868 3311 est
2914 3256 3153 3328 prwlium
3205 3275 3451 3330 magnum
3503 3259 3559 3315 in

300 3359 478 3421 potest
521 3366 618 3420 per
667 3364 787 3404 eam
830 3350 1197 3403 Antichristus
1236 3347 1459 3418 ejusque
1501 3347 1881 3416 praedicatores
1979 3341 2141 3408 coelo;
2175 3343 2399 3397 Michael
2427 3354 2475 3398 et
2497 3345 2668 3415 angeli
2708 3348 2821 3417 ejus
2865 3347 3242 3416 prwliabantur
3285 3366 3401 3403 cum
3435 3350 3562 3404 dra-
3627 3393 3632 3396 .

302 3442 547 3512 intelligi,
595 3450 654 3496 ιιι
700 3442 1032 3512 praeteritum
1062 3455 1160 3509 pro
1208 3437 1390 3493 futuro
1436 3439 1783 3507 accipiamus.
1813 3438 1881 3492 Et
1981 3448 2200 3503 conenet
2239 3437 2398 3491 draco
2427 3439 2689 3509 pugnabat
2720 3450 2766 3492 et
2799 3439 2970 3510 angeli
3004 3441 3138 3510 ejus.
3181 3441 3335 3496 Absit
3373 3461 3403 3496 ιι
3432 3441 3560 3498 tide-

303 3547 490 3588 revera
537 3541 665 3588 tunc
709 3531 1044 3589 manifestior
1089 3531 1195 3587 erit
1237 3533 1428 3586 harum
1465 3529 1745 3586 stellarum
1789 3531 1880 3586 de-
1982 3528 2113 3582 lium
2143 3529 2414 3592 cordibus,
2446 3530 2628 3584 utlioc
2657 3529 2895 3598 praelium
2928 3540 3053 3587 tunc
3089 3531 3288 3587 factum
3313 3535 3557 3600 credant,

297 3625 483 3696 jectio.
1981 3621 2196 3690 quando
2223 3636 2320 3690 per
2349 3622 2652 3690 superbiam
2682 3623 2936 3695 antiquus
2964 3626 3133 3681 hostis
3160 3642 3282 3680 cum
3312 3628 3558 3682 satelliti-

375 3717 444 3771 Et
467 3717 626 3771 draco
668 3717 808 3772 stetit
853 3725 972 3770 ante
1015 3715 1283 3771 mulierem
1316 3731 1433 3788 quae
1471 3725 1584 3770 erat
1621 3715 1879 3786 paritura,
1933 3785 1936 3787 Δ
1982 3710 2082 3764 bus
2103 3711 2215 3764 suis
2242 3713 2305 3764 de
2335 3711 2472 3766 ccelo
2497 3712 2710 3767 cecidit.
2737 3713 2843 3767 Sed
2875 3715 2942 3768 ab
2969 3715 3121 3769 initio
3149 3716 3272 3772 tidei
3300 3718 3562 3773 Christia-

303 3817 361 3862 ut
392 3825 509 3862 cum
537 3810 814 3878 peperisset
857 3807 1024 3876 ﬁlium
1053 3807 1166 3876 ejus
1212 3807 1498 3860 devoraret.
1545 3804 1707 3860 Stetit
1757 3813 1883 3858 tunc
1985 3818 2066 3856 nte
2093 3817 2262 3868 usque
2288 3802 2355 3854 ad
2380 3802 2538 3856 tinem
2579 3803 2701 3856 vita:
2726 3806 3009 3872 praesentis
3039 3806 3154 3861 fieri
3185 3809 3299 3862 sine
3329 3809 3434 3863 ulla
3465 3811 3561 3863 du-

305 3901 470 3954 draco
517 3908 576 3952 ut
618 3909 800 3952 natum
853 3906 1015 3966 caput
1051 3896 1365 3966 deglutirct;
1416 3904 1522 3949 stat
1569 3908 1780 3963 semper
1825 3902 1886 3947 ut
1981 3890 2241 3944 bitatione
2274 3891 2558 3944 tenendum
2592 3901 2705 3956 est;
2737 3894 2880 3963 quod
2911 3911 2976 3950 ex
3005 3912 3070 3950 eo
3099 3896 3355 3968 [Scilicet,
3384 3899 3557 3972 initio]

306 3991 547 4045 membra
582 3990 773 4058 capitis
800 3987 1076 4056 deglutiat.
1103 3986 1228 4052 Sed,
1262 3995 1320 4040 ut
1347 3985 1625 4055 sequentia
1657 3984 1883 4038 demon-
1985 3980 2039 4034 in
2067 3980 2224 4045 etelo,
2260 3981 2310 4035 id
2347 3991 2430 4036 est
2455 3983 2508 4036 in
2539 3983 2779 4039 Ecclesia
2813 3985 2942 4056 (quo
2972 3991 3263 4058 apostolica
3295 4006 3425 4047 voce
3451 3993 3564 4047 cla-

308 4075 507 4144 strant,
539 4079 657 4134 ideo
685 4077 928 4132 mulieris
954 4077 1095 4132 ﬁlius
1123 4091 1360 4132 morsum
1399 4077 1651 4130 draconis
1690 4075 1881 4140 evasit,
1985 4081 2197 4126 matur:
2224 4071 2348 4126 Non
2376 4082 2451 4127 est
2479 4075 2626 4130 nobis
2654 4075 2955 4132 colluctatio
2998 4080 3245 4137 adversus
3274 4099 3482 4137 carnem
3511 4093 3561 4139 et

306 4171 433 4240 quia
463 4170 530 4224 ad
560 4169 813 4224 thronum
840 4169 1018 4224 Patris
1049 4176 1233 4238 raptus
1263 4175 1365 4221 est.
1397 4167 1548 4223 Unde
1574 4168 1754 4238 gravis
1776 4167 1886 4221 ori-
1983 4164 2307 4233 sanguinem,
2335 4166 2424 4220 sed
2448 4178 2628 4220 contra
2651 4169 2910 4239 spiritalia
2934 4175 3175 4244 nequitiis
3197 4177 3251 4229 in
3272 4176 3561 4234 cwlestibus

309 4271 398 4316 tur
431 4262 678 4331 quaestio.
709 4260 891 4330 Neque
915 4261 1058 4315 enim
1085 4275 1210 4314 mox
1235 4269 1295 4313 ut
1321 4259 1568 4314 Christus
1594 4267 1750 4313 natus
1778 4266 1882 4322 est,

308 4361 362 4407 et
385 4353 451 4407 ab
467 4351 676 4407 Herode
696 4352 971 4421 quaesitus,
989 4349 1340 4420 corporaliter
1357 4351 1524 4406 caelos
1541 4352 1879 4416 conscendit;

1985 4251 2200 4324 [Ephes.
2230 4269 2305 4319 vr,
2334 4254 2444 4326 12])
2477 4256 2641 4312 draco
2669 4259 2758 4313 ille
2796 4259 2846 4314 id
2886 4271 2969 4316 est
2996 4263 3240 4320 diabolus
3264 4266 3580 4340 repugnare

1984 4358 2196 4414 semper
2215 4355 2268 4401 et
2293 4347 2569 4403 adversari
2592 4352 2868 4420 probetur.
2895 4351 3046 4420 Quod
3072 4356 3117 4410 si
3139 4373 3238 4412 n-‘zs
3261 4374 3560 4430 pugnamus

309 4461 412 4500 nec
447 4444 562 4513 ejus
602 4445 842 4500 membra
872 4445 991 4500 ideo
1015 4443 1265 4499 draconis
1291 4444 1480 4498 dentes
1513 4454 1721 4506 cavent,
1756 4444 1881 4514 quia
1911 4473 1964 4536 Β
1984 4444 2172 4492 contra
2211 4438 2351 4493 hanc
2385 4442 2725 4508 sententiam,
2756 4459 2854 4497 cur
2902 4444 3125 4500 Michael
3152 4462 3390 4517 pugnare
3421 4451 3560 4506 dici-

309 4549 506 4604 corpus
534 4535 772 4589 funditus
794 4536 1103 4589 deserentes
1120 4535 1186 4588 ad
1202 4541 1360 4603 caput
1375 4550 1526 4589 suum
1544 4536 1879 4604 perveniunt.

311 4626 600 4681 Sciendum
628 4640 755 4695 ergo
782 4625 907 4694 quia
940 4623 1071 4678 fides
1097 4633 1267 4688 recta,
1312 4639 1431 4693 qua:
1465 4623 1588 4678 vitae
1616 4632 1883 4692 praecepta

309 4730 637 4773 conservans
666 4731 761 4785 per
791 4729 973 4770 sacras
1015 4712 1415 4783 Scripturarum
1445 4714 1665 4783 paginas
1707 4712 1884 4767 decla-

310 4818 479 4870 ratur,
525 4823 780 4864 ascensus
805 4807 1003 4863 mentis
1045 4814 1130 4860 est
1171 4805 1240 4859 ad
1280 4805 1471 4869 Deum,
1497 4819 1604 4873 quo
1633 4801 1884 4867 draconis

312 4896 518 4953 malitia
551 4897 770 4951 vitatur.
807 4897 886 4952 Ac
912 4912 1010 4968 per
1048 4897 1152 4952 hoc
1190 4911 1297 4951 non
1323 4896 1677 4965 corporaliter
1698 4910 1886 4951 ascen-

311 5003 432 5044 sum
460 4986 608 5042 dicit.
641 4986 710 5040 Et
746 4994 872 5041 nota
913 4987 1056 5056 quod
1082 5003 1188 5043 non
1229 4997 1398 5054 retro,
1434 4987 1527 5042 sed
1571 4997 1696 5043 ante
1739 4996 1882 5044 stare

313 5078 419 5133 illis
461 5077 679 5142 dicitur,
733 5091 764 5130 a
804 5077 998 5145 quibus
1049 5074 1165 5144 ejus
1210 5079 1419 5132 astutiae
1464 5084 1879 5148 cognoscuntur.

316 5167 500 5241 (Vsus.
538 5166 614 5238 5.)
644 5166 713 5220 Et
736 5168 928 5238 peperit
949 5165 1118 5237 ﬁlium
1145 5165 1455 5220 masculum.
1484 5166 1574 5220 llla
1607 5176 1766 5236 caput
1793 5184 1886 5238 pe-

313 5262 476 5334 perit,
514 5261 630 5316 hzec
658 5260 898 5314 membra
926 5259 1118 5330 capitis
1143 5259 1329 5330 gignit.
1357 5258 1464 5314 Sed
1495 5275 1659 5330 quare
1687 5277 1888 5315 mascu-

305 5349 423 5426 lum
469 5349 691 5415 addidit,
741 5365 862 5404 cum
901 5350 1222 5420 prmmiserit
1263 5350 1472 5420 ﬁlium?
1499 5349 1716 5406 Scilicet
1760 5352 1888 5422 quia

1991 4527 2112 4580 tur?
2137 4527 2472 4599 Quapropter
2496 4531 2789 4600 sciendum,
2819 4543 2875 4588 et
2897 4545 3136 4590 nostrum
3173 4549 3226 4592 et
3247 4541 3560 4612 angelorum

1988 4626 2261 4674 certamen
2289 4632 2475 4676 contra
2505 4624 2774 4678 diabolum
2809 4641 2945 4691 esse,
2971 4628 3131 4682 etiam
3155 4631 3207 4683 in
3236 4632 3419 4688 multis
3443 4634 3562 4689 aliis

1989 4708 2122 4766 locis
2145 4713 2375 4767 ostendi.
2407 4713 2541 4768 Nam
2578 4717 2823 4784 quamvis
2853 4717 3044 4774 Petrus
3087 4721 3284 4778 dixerit
3313 4743 3325 4777 :
3354 4723 3450 4778 Cui
3483 4742 3561 4779 re-

1987 4802 2152 4856 sistite
2181 4803 2338 4873 fortes
2372 4805 2428 4858 in
2452 4805 2557 4873 ﬁde
2585 4805 2636 4877 (1
2643 4805 2668 4859 l
2695 4804 2840 4863 Petr.
2871 4826 2922 4876 v,
2957 4811 3040 4882 9);
3094 4823 3148 4868 et
3178 4811 3444 4870 Jacobus:
3476 4832 3559 4870 re-

1989 4894 2155 4948 sistite
2179 4894 2474 4960 diabolo,et
2503 4897 2665 4969 fugiet
2695 4917 2727 4953 a
2764 4901 2903 4956 vobis
2929 4903 3134 4974 (Iacob.
3164 4923 3238 4972 tv,
3263 4907 3348 4977 7);
3380 4914 3558 4964 tamen

1988 4986 2092 5041 hoc
2119 4986 2293 5057 ipsum
2325 5001 2423 5056 per
2447 4988 2662 5058 angelos
2690 4990 2807 5046 fieri
2835 4993 3002 5050 David
3031 4996 3268 5052 declarat
3290 4998 3515 5054 dicendo
3539 5018 3556 5055 :

1988 5075 2236 5130 Immittet
2266 5075 2480 5147 angelus
2510 5077 2722 5134 Domini
2745 5084 2800 5136 in
2840 5085 3060 5139 circuitu
3086 5086 3377 5142 timentium
3415 5107 3556 5157 eum,

1987 5176 2034 5222 et
2061 5167 2236 5236 eripiet
2273 5185 2358 5221 eos
2400 5167 2569 5241 (Psal.
2614 5188 2699 5238 ιιι,
2739 5174 2814 5243 8).
2843 5172 2898 5226 In
2928 5175 3123 5244 quibus
3164 5179 3560 5247 exemplaribus

1989 5259 2286 5314 ostenditur
2314 5262 2436 5329 quia
2465 5279 2564 5318 nec
2600 5280 2698 5318 nos
2725 5265 2840 5317 sine
2881 5265 3212 5335 angelorum,
3243 5285 3342 5325 nec
3381 5271 3558 5343 angeli

1991 5350 2106 5404 sine
2133 5360 2318 5406 nostro
2343 5353 2590 5410 conﬂictu
2611 5355 2888 5410 dimicant.
2920 5357 3103 5428 Angeli
3121 5369 3301 5415 autem
3333 5361 3560 5416 Michael

318 5447 411 5494 aut
435 5439 489 5494 in
530 5440 670 5494 bono
703 5437 903 5492 dicitur
940 5455 1034 5508 pro
1075 5440 1391 5495 excellentia
1419 5439 1770 5506 fortitudinis,
1799 5450 1896 5496 aut
1988 5452 2096 5492 non
2131 5439 2251 5495 ideo
2279 5441 2551 5508 dicuntur,
2579 5443 2719 5511 quod
2750 5443 2862 5514 ipse
2883 5461 2995 5510 eos,
3019 5445 3171 5513 juxta
3205 5449 3558 5517 quorumdam

321 5527 375 5582 in
401 5526 540 5581 malo
576 5542 672 5598 pro
698 5527 1060 5582 immensitate
1092 5529 1331 5584 sceleris.
1363 5528 1514 5585 Sicut
1539 5530 1681 5584 enim
1708 5530 1795 5586 hic
1834 5531 1886 5586 in

317 5617 484 5683 bono,
523 5616 602 5673 sic
625 5635 722 5689 pro
751 5618 893 5675 malo
917 5619 1134 5689 ponitur
1161 5620 1216 5674 in
1240 5619 1468 5675 Ieremia
1497 5621 1708 5676 dicente
1732 5637 1746 5675 :
1771 5621 1890 5676 Ma-

1990 5530 2364 5587 harreticorum
2415 5533 2710 5604 perfidiam,
2759 5537 3055 5603 creaverit;
3104 5539 3198 5594 sed
3243 5541 3369 5608 quia
3409 5555 3502 5595 eos
3529 5556 3561 5596 a

1991 5621 2102 5678 Deo
2136 5623 2192 5677 in
2219 5623 2545 5693 adjutorium
2583 5627 2880 5695 acceperit;
2913 5629 2994 5682 vel
3022 5630 3147 5699 quia
3179 5632 3276 5685 sub
3301 5647 3408 5685 uno
3437 5646 3562 5702 rege

318 5708 538 5766 lcdictus
561 5707 745 5778 homo,
773 5713 863 5784 qui
889 5713 1216 5768 annuntiarit
1245 5713 1384 5783 patri
1404 5729 1518 5769 meo
1555 5713 1750 5782 dicens,
1775 5713 1892 5769 Ναοο
1989 5721 2046 5774 et
2067 5731 2134 5773 ex
2160 5731 2268 5772 una
2294 5716 2513 5773 civitate
2540 5716 2776 5776 militare
2814 5722 3106 5780 creduntur
3130 5741 3160 5782 :.
3179 5724 3320 5782 sicut
3361 5735 3417 5782 et
3438 5726 3560 5781 dra-
